2596 4010
179 194 244 259 140
580 193 650 248 sm1
668 171 801 248 1250101
825 239 838 262 ,

180 349 341 422 Personat
364 359 397 421 et
419 357 509 420 luctu
528 377 671 440 campus.
693 375 846 420 reuocare
868 353 993 417 libebat
1151 367 1206 416 495

177 443 345 510 Interdum
369 449 403 509 et
425 444 512 509 iusto
536 454 667 528 raptum
690 445 830 509 retinere
853 442 973 507 dolore.

222 533 269 598 At
291 533 420 616 trepida
443 537 475 598 et
498 533 607 598 subito
631 555 688 598 ceu
712 537 802 598 stans
826 533 861 596 in
883 531 997 595 funere
1021 531 1147 594 coniux

180 621 228 688 Ut
249 621 333 686 uidit
355 621 458 707 puppi
481 626 711 706 properantem
733 622 866 704 intrare,
889 618 1097 683 tremendum

176 709 380 793 Uooiferans,
403 710 541 775 celerem
564 731 713 795 gressum
736 709 898 774 referebat
922 708 962 772 ad
986 706 1105 771 undas:

176 798 325 864 “Tollite
347 820 408 880 me,
430 797 560 884 Libyes,
581 799 734 863 comitem
757 819 943 882 poenaeque
961 795 1128 880 necisque.
1146 812 1202 862 500

177 887 249 953 Hoc
272 909 380 972 unum,
403 887 529 971 coniux,
553 887 638 951 uteri
661 908 720 970 per
741 887 881 971 pignora
902 884 1008 950 nostri

176 975 287 1041 Unum
310 997 382 1040 oro:
405 974 503 1041 liceat
525 979 634 1040 tecum
657 996 877 1060 quoscumque
900 973 1057 1038 ferentem

177 1063 351 1130 Terrarum
373 1065 544 1149 pelagique
567 1063 638 1148 pati
661 1064 804 1148 caelique
826 1062 966 1127 labores.

177 1152 253 1219 Non
276 1173 337 1238 ego
360 1152 578 1234 Amyclaeum
601 1153 768 1217 ductorem
791 1152 825 1215 in
848 1151 973 1234 proelia
996 1149 1082 1234 misi,

178 1240 249 1306 Nec
270 1241 393 1306 nostris
416 1246 473 1306 tua
497 1245 574 1305 sunt
596 1241 797 1306 circumdata
819 1240 905 1305 colla
928 1237 1061 1304 catenis.
1146 1256 1203 1306 505

179 1328 245 1396 Cur
267 1351 368 1413 usque
397 1330 437 1394 ad
460 1328 588 1394 Poenos
617 1329 770 1393 miseram
797 1327 908 1415 fugis?
932 1327 1042 1412 accipe
1065 1349 1203 1394 mecum

176 1418 270 1484 Hanc
292 1418 427 1502 prolem.
450 1418 564 1482 forsan
587 1417 684 1482 duras
709 1415 918 1502 Carthaginis
941 1417 1008 1480 iras

176 1505 361 1572 Flectemus
384 1506 538 1591 lacrimis,
561 1511 626 1584 aut,
649 1505 677 1570 si
700 1505 913 1591 praecluserit
936 1525 1029 1569 aures

176 1593 264 1660 Urbs
287 1595 421 1660 inimica
443 1616 529 1677 suas,
553 1594 664 1659 eadem
687 1598 765 1659 tunc
786 1593 870 1658 hora
893 1591 1038 1658 manebit

176 1682 285 1766 Teque
308 1688 447 1766 tuosque
471 1682 581 1765 simu13
603 1683 667 1765 uel,
690 1682 719 1747 si
742 1685 810 1747 stat
832 1703 982 1767 rumpere
1005 1680 1123 1766 uitam,
1145 1699 1202 1749 510

175 1770 346 1855 lupatria
369 1770 553 1835 moriamur.
577 1771 669 1835 adest
691 1791 798 1836 comes
821 1770 939 1835 ultima
961 1768 1057 1834 fati.''

221 1857 291 1923 Has
314 1849 400 1922 inte‘r
423 1881 520 1923 uoces
543 1859 660 1923 uinclis
683 1859 829 1924 resoluta
852 1859 977 1924 moueri

175 1947 340 2012 Paulatim
364 1950 396 2011 et
418 1948 492 2029 ripa
515 1947 621 2033 coepit
644 1947 795 2012 decedere
819 1947 946 2032 puppis.

175 2036 258 2100 Tum
281 2057 358 2100 uero
382 2034 504 2119 infelix,
523 2039 664 2100 mentem
688 2036 809 2100 furiata
832 2037 952 2119 dolore,

175 2123 358 2205 Exclamat,
380 2123 482 2188 fessas
506 2124 642 2189 tendens
667 2125 707 2189 ad
730 2124 830 2189 litora
851 2126 993 2209 palmas:
1142 2143 1201 2192 515

177 2211 266 2296 “En,
290 2213 346 2296 qui
370 2234 404 2276 se
426 2213 529 2278 iactat
551 2212 672 2296 Libyae
696 2213 889 2298 populisque
912 2212 1059 2278 nefandis

175 2300 285 2386 Atque
309 2300 398 2366 hosti
421 2323 550 2366 seruare
572 2300 683 2365 fidem!
707 2301 783 2366 data
805 2300 938 2366 foedera
960 2301 1056 2367 nobis

175 2390 225 2454 Ac
248 2389 411 2475 promissa
432 2390 513 2454 fides
536 2389 690 2454 thalamis
714 2390 779 2472 ubi,
802 2391 933 2474 perfide,
954 2412 1039 2455 nunc
1064 2392 1180 2457 est‘?''

175 2477 302 2544 Ultima
324 2500 388 2543 uox
411 2478 508 2543 duras
530 2479 611 2543 haec
634 2482 712 2543 tunc
735 2479 920 2562 penetrauit
944 2478 985 2544 ad
1009 2479 1112 2562 auris3

177 2565 294 2633 Cetera
317 2568 463 2650 percussi
487 2571 661 2631 uetuerunt
683 2587 816 2632 noscere
840 2567 930 2632 remi.
1143 2585 1203 2636 520

221 2655 305 2720 Tum
327 2655 426 2721 fluuio
449 2655 571 2740 raptim
595 2654 635 2718 ad
659 2656 766 2740 pelagi
789 2655 993 2722 deuoluimur
1017 2677 1091 2720 oras

177 2743 226 2809 Ao
249 2743 389 2831 legimus
412 2748 550 2829 pontum
573 2743 716 2829 pinuque
739 2745 880 2809 immane
899 2749 1015 2810 cauata

177 2831 311 2916 Aequor
335 2836 367 2897 et
390 2833 566 2898 immensas
590 2854 689 2897 curua
711 2833 804 2896 trabe
822 2833 975 2899 findimus
998 2833 1112 2898 undas.

179 2919 370 2984 Ludibrium
393 2923 481 2986 necis
505 2922 706 3005 horrescens,
729 2922 780 2985 uis
804 2944 920 3007 aspera
942 2922 1035 3008 ponti

176 3006 346 3090 Obruerat,
369 3009 573 3094 scopulisque
597 3015 701 3074 ratem
725 3010 816 3076 furor
840 3013 1008 3095 improbus
1032 3009 1115 3075 Euri
1140 3027 1198 3077 525

247 3204 300 3254 495
320 3215 436 3269 campus
454 3205 486 3267 V,
504 3206 536 3256 ut
555 3202 625 3255 coni.
645 3201 797 3256 Liuineius
810 3201 922 3272 'campis
940 3207 1013 3270 arc,
1035 3203 1109 3258 uude
1132 3220 1198 3273 per-

175 3273 265 3340 sonat,
284 3271 315 3325 et
332 3269 411 3324 luctu
429 3270 536 3340 campis
555 3290 577 3326 r.
595 3271 704 3327 libebat
721 3275 806 3342 culpo
962 3279 1014 3330 496
1033 3275 1149 3344 raptum
1170 3281 1196 3327 v

175 3344 289 3410 captum
306 3345 368 3394 1110
467 3346 520 3396 498
539 3341 629 3412 puppi
648 3347 684 3395 ch
702 3343 820 3414 puppim
837 3349 861 3397 v
959 3349 1011 3399 500
1030 3345 1135 3413 Libyes
1155 3351 1197 3399 ⁰1²

174 3417 226 3465 509
245 3411 345 3466 eadem
364 3413 449 3480 atque
467 3430 524 3467 una
542 3413 678 3468 Halmius
768 3419 820 3468 514
838 3431 906 3470 uero
920 3420 943 3466 v
961 3431 1028 3470 uere
1046 3420 1088 3469 Lr
1111 3417 1150 3471 ue
1173 3422 1194 3469 ⁰

176 3511 210 3521 -
229 3484 359 3536 montes
473 3487 524 3537 515
545 3498 562 3536 a
580 3483 663 3537 litore
682 3483 816 3539 Scluuder
934 3491 985 3540 522
1005 3487 1127 3540 immane
1147 3493 1196 3540 cm

175 3551 230 3620 Ep.
247 3557 280 3606 71
299 3556 319 3603 1.
342 3553 372 3606 in
390 3558 531 3607 umaner
560 3554 683 3608 minante
703 3559 746 3607 ov
765 3555 810 3622 (T.
821 3572 852 3624 p.
865 3559 933 3624 225)
