2632 4014
413 207 627 264 PUNIOORUM
645 208 755 262 LIBER
772 207 805 264 X.
1056 205 1123 272 229

115 370 176 436 Hic
199 371 274 435 finis
298 371 409 437 Paulo.
432 371 518 438 iacet
541 371 645 436 altum
668 375 781 455 pectus
807 373 839 434 et
862 371 979 457 ingens
1075 385 1126 436 305

116 459 266 545 Dextera,
289 482 394 544 quem,
418 461 480 525 soli
503 459 531 524 si
555 460 643 523 bella
667 459 823 545 agitanda
847 459 1010 544 darentur,

116 548 281 632 Aequores
304 548 416 614 forsan
438 547 552 614 Fabio.
576 571 664 613 mors
688 548 816 634 additur
839 548 913 612 urbi

115 636 254 702 Pulchra
273 637 368 702 decus
392 637 547 722 misitque
570 637 633 701 uiri
655 637 741 701 inter
764 638 870 702 sidera
892 658 1020 702 nomen.

158 725 336 808 Postquam
360 747 434 809 spes
453 725 574 790 Italum
593 729 782 810 mentesque
799 725 835 789 in
853 726 984 790 consule
1006 725 1128 809 lapsae,

117 812 181 880 Ceu
204 818 338 879 truncus
363 814 488 898 capitis,
514 815 619 879 saeuis
643 814 801 879 exercitus
826 815 925 878 armis
1074 831 1127 879 310

117 901 288 986 Sternitur,
311 907 343 967 et
365 902 484 967 uictrix
507 906 578 968 toto
600 902 711 967 fremit
733 902 846 967 Africa
869 924 993 986 eampo.

115 991 177 1056 Hic
200 989 369 1056 Picentum
393 991 490 1075 acies,
511 991 566 1056 hic
588 989 711 1077 Umber
732 990 881 1074 Martius,
904 991 972 1056 illic

117 1077 233 1144 Sicana
256 1079 442 1164 procumbit
464 1079 576 1164 pubes,
598 1079 652 1144 hic
676 1078 817 1144 Hernica
840 1083 958 1144 turma.

114 1167 240 1232 Passim
264 1168 359 1254 sigua
381 1168 497 1251 iacent,
520 1189 601 1252 quae
625 1167 752 1233 Samnis
776 1169 921 1252 belliger,
945 1171 978 1233 et
1001 1189 1083 1252 quae

117 1255 282 1321 Sarrastes
304 1257 418 1340 populi
441 1255 633 1341 Marsaeque
656 1257 760 1320 tulere
784 1257 948 1341 cohortes3
1074 1271 1125 1322 313

116 1344 276 1409 Transfixi
301 1345 397 1430 clipei
420 1345 598 1430 galeaeque
622 1349 655 1408 et
677 1345 793 1410 inutile
815 1345 938 1410 ferrum

114 1432 295 1518 Fractaque
319 1432 471 1498 conflictu
493 1456 681 1518 parmarum
704 1435 850 1518 tegmina
873 1437 906 1497 ct
929 1455 984 1499 ore

115 1520 332 1607 Cornipedum
355 1523 489 1606 derepta
512 1521 582 1587 fero
606 1524 792 1606 spumantia
814 1522 914 1587 frena.

117 1608 320 1694 Sanguineus
343 1611 485 1676 tumidas
508 1611 543 1675 in
566 1632 697 1695 campos
719 1609 856 1676 Aufidus
880 1611 984 1675 undas

114 1699 244 1764 Eiectat
267 1699 436 1784 redditque
459 1699 571 1764 furens
595 1721 654 1764 sua
677 1721 815 1784 corpora
837 1699 927 1784 ripis.
1075 1715 1126 1766 320

116 1785 169 1853 Sic
192 1787 301 1874 Lagea
323 1789 415 1870 ratis,
438 1792 532 1852 uasto
555 1789 647 1853 uelut
669 1789 775 1852 insula
798 1792 899 1871 ponto

116 1874 308 1961 Conspecta,
331 1876 425 1940 illisit
449 1876 591 1960 scopulis
615 1875 672 1940 ubi
693 1876 822 1941 nubifer
844 1875 963 1962 Eurus,

114 1963 332 2050 Naufragium
357 1985 514 2048 spargens
539 1964 644 2050 operit
666 1964 760 2030 freta.
783 1966 913 2050 iamque
940 1987 999 2050 per
1024 1966 1127 2032 undas

115 2051 162 2117 Et
184 2056 330 2118 transtra
353 2057 386 2117 et
409 2053 489 2117 mali
511 2053 684 2138 laceroque
708 2055 868 2140 aplustria
893 2055 967 2120 uelo

116 2141 299 2206 Acmiseri
321 2141 451 2206 fluitant
474 2149 677 2207 reuomentes
702 2165 844 2227 aequora
866 2147 993 2208 nautae.
1074 2159 1126 2208 335

161 2231 207 2293 At
230 2229 366 2315 Poenus,
388 2252 447 2314 per
469 2230 569 2316 longa
591 2232 675 2296 diem
699 2231 877 2296 certamina
900 2233 1006 2297 saeuis

115 2317 276 2384 Caedibus
301 2341 459 2403 emensus,
481 2324 658 2404 postquam
681 2321 827 2404 eripuere
850 2321 953 2384 furori

113 2407 282 2492 Insignem
305 2409 459 2473 tenebrae
482 2410 597 2491 lucem,
619 2413 691 2473 tum
715 2409 852 2492 denique
875 2407 1015 2472 Martem

113 2495 250 2560 Dimisit
272 2497 466 2582 tandemque
490 2497 557 2562 suis
581 2497 615 2560 in
638 2496 735 2562 caede
758 2495 914 2579 pepercit.

114 2582 180 2648 Sed
202 2607 293 2649 mens
316 2586 470 2670 inuigilat
493 2585 578 2650 curis
602 2585 772 2667 noctisque
796 2583 936 2668 quietern
1075 2601 1126 2652 330

114 2671 215 2737 Ferre
238 2673 360 2756 nequit.
384 2673 535 2737 stimulat
558 2674 643 2737 dona
665 2671 749 2735 inter
771 2676 865 2735 tanta
889 2671 1020 2736 deorum

112 2759 286 2846 Hortatus,
308 2760 452 2825 nondum
474 2763 587 2844 portas
610 2761 749 2824 intrasse
773 2757 907 2836 Quirini.

187 2941 239 2990 307
259 2933 370 2990 addidit
388 2933 694 3006 Daasqaeiua-urbi]
715 2934 757 2989 illi
776 2935 860 2991 Bloss
914 2941 965 2990 311
981 2934 1077 2992 fremit
1090 2943 1127 2990 ch

113 3005 220 3059 furiis
284 3011 336 3061 312
355 3005 458 3060 illuofl
512 3011 564 3062 317
585 3004 627 3060 ori
644 3006 780 3062 Heinsius
844 3013 895 3062 318
911 3007 1029 3078 derepta
1042 3013 1126 3060 chor

112 3075 263 3146 direptam
292 3077 444 3131 derectas
562 3083 614 3132 330
632 3077 744 3133 Eiectat
763 3083 800 3131 ch
823 3109 856 3117 —
880 3079 971 3134 serens
990 3079 1126 3134 Heinsius

112 3153 166 3202 323
185 3147 341 3218 Naufragio
359 3149 494 3204 Hessius
557 3155 609 3204 324
628 3149 794 3220 amplustria
812 3155 855 3203 OV
919 3155 970 3203 332
990 3151 1126 3205 Hortalus

114 3235 167 3275 ser.
186 3222 230 3286 (ut
248 3221 284 3274 sii
301 3221 398 3287 subal.)
417 3219 553 3274 Hortatur
572 3227 588 3272 s
606 3219 741 3275 Hortalus
765 3221 869 3274 dudum
888 3221 1037 3276 Liuineius
1055 3220 1126 3274 Hor-

106 3281 191 3346 ‘tator
205 3290 296 3344 Burib
311 3289 433 3345 Hortatu
448 3290 583 3346 Heinsius
602 3291 769 3346 cunctatum
783 3291 1125 3360 Barmersaculpaturuel

115 3361 269 3432 Culpatum
279 3361 416 3417 Schrader
434 3361 526 3417 Corda
546 3362 761 3434 pudorBeritlep
779 3363 911 3423 Sacratae
936 3362 1046 3429 Withof
1066 3360 1123 3431 Op·

111 3435 190 3488 tatas
218 3433 333 3488 Eruesti
355 3437 380 3488 ei
402 3433 471 3490 Luc.
495 3433 613 3488 Mueller
635 3435 661 3490 d.
684 3451 701 3491 r
842 3437 895 3488 173
919 3431 1026 3499 Corque
1049 3433 1126 3487 acuit

110 3505 234 3573 Ruperti
252 3501 605 3572 Hastatum(sc.se)Botbe
624 3503 677 3560 Oor
880 3501 959 3558 ducis
978 3503 1060 3558 Blass
1075 3502 1125 3559 Or·

110 3575 197 3630 baias
216 3573 294 3631 Kocb
313 3605 346 3616 -
364 3573 502 3648 nondum]
519 3575 588 3630 nudi
606 3432 968 3759 Ἀαρὼν
985 3576 1082 3632 retinet
