2596 4010
179 146 247 212 136
579 143 647 198 sur
664 141 797 198 raurici

182 308 399 394 Spectandum
421 305 568 371 Fortuna
590 306 712 372 ducem.
734 305 800 371 fert
817 307 942 372 lumina
965 311 1090 373 contra

180 397 321 463 Pacatus
344 395 496 479 frontem,
520 394 626 479 qualis
648 417 722 460 cum
744 395 843 462 litora
865 396 1009 479 primum

182 486 306 571 Attigit
329 484 466 568 appulsa
488 489 596 550 rector
619 481 751 548 Sidonia
774 484 887 550 classe.
1160 502 1211 550 suu

183 574 315 640 Accessi
337 594 455 656 comes,
477 572 564 637 haud
587 571 659 655 ipso
681 577 845 657 renuente,
870 573 999 657 ratique

183 663 358 747 Impositus
382 664 526 726 maestus
551 660 675 726 socium
698 682 750 724 me
773 661 902 726 casibus
927 661 1019 726 addo.

181 752 333 817 Illuuiem
357 753 453 834 amne
475 748 589 835 inopes
612 769 742 813 mensas
766 749 946 834 durumque
969 749 1079 815 cubile

181 841 229 908 Et
251 843 376 905 certare
399 837 495 902 malis
518 837 709 922 urgentibus
732 837 827 903 hoste
849 839 990 921 putabat

182 930 320 995 Deuicto
345 926 465 1010 muius3
487 947 546 991 uec
570 929 639 990 tam
662 925 787 1012 fugisse
810 926 952 991 cauendo
1155 944 1209 994 375

183 1019 330 1084 Aduerso
353 1014 530 1098 egregium,
553 1036 651 1098 quam
674 1014 896 1098 perdomuisse
919 1015 1061 1080 ferendo.

184 1105 265 1191 Spes
279 1110 390 1170 tamen
404 1125 470 1167 una
484 1102 565 1166 mihi
577 1138 615 1149 -
628 1124 823 1186 quamquam
835 1104 917 1168 bene
930 1104 1066 1188 cognita
1077 1108 1114 1169 et
1125 1106 1210 1170 olim

184 1195 290 1260 Atrox
313 1193 371 1257 illa
392 1191 474 1255 fides
499 1227 537 1238 -
564 1191 678 1256 urbem
701 1213 874 1276 murosque
898 1191 1098 1278 domumque

184 1283 331 1367 Tangere
355 1281 383 1346 si
406 1280 534 1344 miseris
557 1280 713 1364 licuisset,
737 1281 834 1345 corda
857 1281 982 1345 moueri

183 1372 284 1437 Posse
307 1370 371 1434 uiri
395 1373 428 1434 et
449 1372 561 1433 uestro
585 1371 670 1432 certe
693 1367 862 1433 mitescere
887 1368 974 1434 fletu.
1154 1388 1211 1437 aso

185 1457 385 1524 Claudebam
409 1457 469 1521 sub
494 1457 590 1521 corde
614 1460 719 1521 metus
743 1457 958 1542 lacrimasque
980 1457 1147 1541 putabam

184 1547 268 1613 Esse
291 1546 362 1611 uiro
386 1549 419 1610 et
441 1548 573 1609 nostrae
596 1544 736 1609 similem
758 1545 844 1609 inter
866 1545 976 1610 tristia
999 1551 1162 1613 mentem.

185 1634 268 1701 Cum
291 1633 423 1698 taudem
446 1633 572 1714 patriae
596 1632 749 1698 Tiberino
775 1633 948 1698 allabimur
972 1635 1070 1719 amni,

186 1722 365 1790 Seruabam
387 1721 498 1785 uultus
523 1719 611 1786 ducis
636 1743 673 1786 ac
697 1721 869 1805 prodentia
893 1744 1022 1786 sensum

183 1811 322 1877 Lumina
345 1812 379 1874 et
402 1809 520 1874 obtutu
543 1809 731 1892 perstabam
754 1809 901 1875 intentus
925 1810 1048 1876 eodem.
1151 1830 1210 1880 385

185 1899 221 1964 Si
244 1921 307 1982 qua
329 1896 418 1982 fides,
443 1919 552 1981 unum,
574 1919 664 1982 puer,
687 1898 772 1962 inter
795 1898 885 1962 mille
908 1899 1045 1984 labores,

184 1988 295 2054 Unum
319 1987 419 2051 etiam
442 1987 476 2076 in
499 1985 608 2071 patria
631 2007 793 2070 saeuaque
816 1986 851 2052 in
873 1985 1035 2073 Agenoris
1058 1989 1144 2055 urbe

184 2077 293 2159 Atque
316 2096 417 2139 unum
440 2074 508 2138 uidi
529 2096 654 2158 poenae
677 2096 805 2159 quoque
827 2081 975 2160 tempore
996 2077 1139 2143 uultum.

185 2163 291 2230 Obuia
314 2163 445 2248 captiuo
469 2161 592 2228 cunctis
616 2162 713 2226 simul
736 2163 872 2230 urbibus
896 2163 966 2229 ibat

184 2252 340 2337 Ausonia,
363 2255 405 2334 et,
428 2273 578 2335 campum
600 2251 698 2316 turba
720 2251 879 2336 uincente,
902 2253 1079 2338 propinqui
1150 2273 1210 2323 390

186 2341 369 2426 Implentur
392 2340 505 2424 colles3
528 2339 646 2422 strepit
669 2339 746 2404 altis
770 2339 893 2405 Albula
915 2341 1005 2424 ripis.

185 2429 256 2514 Ipsi
278 2429 460 2494 Poenorum
483 2449 633 2513 proceres
655 2427 797 2492 immitia
820 2429 917 2494 corda

185 2518 238 2584 Ad
261 2520 386 2603 patrios
410 2520 537 2582 certant
561 2517 666 2582 cultus
690 2538 854 2598 reuocare,
878 2521 1040 2603 togaeque

186 2607 378 2673 Addebatur
399 2605 513 2670 honos.
537 2605 637 2687 stetit,
659 2604 877 2670 illacrimante
901 2612 1015 2671 senatu

185 2696 231 2762 Et
253 2700 396 2760 matrum
418 2693 516 2759 turba
537 2693 754 2777 iuuenumque
778 2693 890 2760 dolore
912 2692 1056 2780 profuso,
1149 2715 1208 2764 395

185 2784 276 2850 Inter
298 2788 350 2848 tot
372 2782 513 2866 gemitus
536 2781 726 2866 immobilis,
750 2802 870 2867 aggere
893 2784 1005 2848 consul

186 2872 353 2938 Tendebat
376 2871 523 2935 dextram
547 2873 580 2935 st
602 2869 710 2953 patria
732 2871 873 2957 uestigia
895 2871 1019 2956 primus

187 2961 367 3026 Ponentem
390 2963 479 3024 terra
502 2980 636 3023 occursu
661 2959 848 3024 celebrabat
871 2960 986 3026 amico.

187 3049 331 3133 Collegit
353 3069 515 3132 gressum,
539 3047 746 3132 monitusque
769 3048 916 3113 recedere
940 3049 1052 3114 consul

188 3137 257 3204 Nec
281 3158 444 3201 summum
466 3135 590 3200 uiolare
613 3135 723 3221 decus3
746 3136 897 3220 cingente
920 3137 1062 3221 superba
1148 3156 1207 3206 400

259 3369 310 3420 368
321 3362 455 3434 Fortuna]
465 3363 628 3432 importuna
639 3363 788 3432 (suburbe)
798 3363 913 3419 Ermsti
962 3369 1015 3419 373
1026 3367 1150 3419 maestus
1160 3373 1206 3420 u*

188 3438 304 3491 maestis
323 3439 365 3488 ov
497 3440 549 3488 374
568 3433 688 3502 putabat
707 3439 751 3486 cm
769 3434 825 3503 Ep.
846 3437 879 3488 71
1014 3441 1066 3490 380
1084 3434 1141 3489 uiri
1166 3443 1206 3490 ch

188 3511 240 3562 383
259 3505 353 3574 patrio
373 3502 499 3559 Tiberini
517 3503 652 3558 Heinsius
724 3509 776 3557 394
795 3504 961 3559 Addebatur
975 3511 1019 3558 cm
1033 3506 1088 3576 Ep.
1105 3512 1141 3562 71
