2596 4010
194 172 267 238 ‘150
600 169 666 226 SHrI
683 169 818 226 ITALIOI

195 333 242 401 Et
264 333 396 418 captiua
417 354 515 416 paras
539 332 707 399 moriendo
731 332 867 398 euadere
890 332 1009 398 uincla.

195 421 383 488 Uiuendum
406 424 465 486 est
489 424 562 487 arta
585 423 755 487 seruentur
777 421 864 487 colla
886 420 1025 487 catena?

196 510 287 576 Haec
309 509 447 595 iuuenis,
470 509 617 595 diuisque
639 513 769 576 tumens
793 509 945 595 ausisque
968 513 1137 578 secundis.

240 598 288 665 At
310 601 421 683 patres
444 597 623 684 Latiasque
642 620 744 664 nurus
766 599 922 684 raptabat
944 598 986 663 ad
1009 621 1087 667 aras

195 687 283 754 (lura
306 687 410 753 deum.
434 691 559 753 maesto
583 687 726 752 suffusae
748 687 872 752 lumina
894 687 988 752 uultu
1188 707 1218 757 τε

194 775 368 842 Femineas
390 779 512 841 matres
536 775 685 862 graditur
708 775 840 862 chorus;
863 775 975 841 ordine
998 777 1104 864 longo

194 864 313 931 Iunoni
335 865 461 949 pallam
484 868 702 949 conceptaque
721 868 798 929 uota
820 864 987 930 dicabant:

196 952 289 1020 ‘Huc
313 953 399 1038 ades,
422 975 442 1018 o
464 953 579 1038 regina
601 953 709 1035 deum,
732 973 812 1038 gens
835 956 928 1020 easta
949 974 1131 1038 precamur

195 1041 242 1110 uc
264 1042 410 1126 ferimus,
432 1041 532 1128 digno
556 1063 776 1126 quaecumque
800 1045 851 1107 est
871 1042 1014 1126 nomine,
1036 1044 1145 1110 turba

195 1129 402 1196 Ausonidum
420 1130 655 1215 pulchrumque
674 1133 716 1215 et,
735 1151 794 1196 acu
813 1133 846 1196 et
860 1129 1043 1196 subtemine
1066 1131 1168 1200 fuluo
1187 1149 1218 1201 80

196 1217 289 1295 Quod
311 1222 444 1284 nostrae
465 1239 583 1284 neuere
607 1240 732 1304 manus,
755 1218 942 1284 uenerabile
960 1219 1090 1286 donum.

196 1307 247 1372 Ac
270 1307 347 1372 dum
370 1307 527 1373 decrescit
550 1311 693 1372 matrum
717 1310 834 1392 metus,
856 1307 919 1374 hoc
941 1307 1013 1394 tibi,
1036 1308 1128 1396 diua,

192 1396 321 1462 Interea
342 1396 493 1462 uelamen
516 1397 588 1462 erit.
610 1395 640 1462 si
661 1395 784 1481 pellere
806 1395 929 1462 uostris

195 1483 426 1550 Marmaricam
448 1485 544 1550 terris
567 1485 686 1550 nubem
711 1484 815 1569 dabis,
837 1485 945 1549 omnis
967 1484 1003 1549 in
1027 1509 1110 1552 auro

191 1571 311 1639 Pressa
333 1573 396 1638 tibi
418 1573 511 1638 uarie
532 1573 675 1658 fulgebit
698 1593 829 1658 gemma
851 1571 991 1638 corona?
1183 1593 1214 1642 aa
1274 1607 1275 1628 κ

191 1659 328 1728 Necnon
352 1665 385 1726 et
406 1662 541 1746 proprio
564 1666 762 1727 uenerantur
784 1661 922 1727 Pallada
944 1661 1030 1728 dono

195 1748 429 1835 Phoebumque
447 1750 711 1835 armigerumque
730 1749 825 1815 deum
843 1751 1047 1834 primamque
1070 1751 1213 1820 Dionen

194 1837 302 1903 Tanta
325 1838 414 1922 adeo,
439 1859 512 1903 oum
534 1859 586 1902 res
610 1838 766 1924 trepidae,
788 1839 972 1904 reuerentia
995 1838 1108 1906 diuum

191 1924 361 2010 Nascitur3
384 1930 420 1991 at
441 1947 534 1992 rarae
557 1925 686 1992 fumant
707 1925 856 1992 felicibus
881 1948 966 1992 arae.

236 2015 323 2080 Dum
346 2014 452 2080 Roma
475 2015 629 2100 antiquos
653 2015 784 2100 templis
807 2014 922 2081 indicit
943 2015 1095 2102 honores,
1179 2037 1211 2086 eo

191 2101 263 2168 Iam
285 2102 415 2188 Fabius,
437 2103 538 2168 tacito
562 2103 738 2187 procedens
761 2103 891 2189 agmine
914 2106 948 2168 et
971 2108 1042 2168 arte

191 2191 343 2257 Bellandi
365 2191 457 2258 leuto
480 2191 606 2276 similis,
628 2193 848 2276 praecluserat
870 2191 977 2258 omnis

190 2279 420 2365 Fortunaeque
442 2280 594 2366 hostique
616 2280 697 2346 uias.
720 2280 883 2346 discedere
907 2281 1010 2365 signis

192 2369 291 2435 Haud
314 2369 450 2453 licitum,
473 2391 701 2454 summumque
725 2369 830 2453 decus,
854 2391 917 2453 quo
936 2369 1028 2435 tollis
1052 2371 1093 2436 ad
1118 2378 1212 2440 astra
1273 2425 1274 2432 ,

189 2457 332 2544 Imperii,
354 2458 510 2538 Romane,
533 2461 640 2542 caput,
662 2479 777 2543 parere
800 2457 945 2523 docebat.
1177 2479 1210 2530 aa
1273 2483 1274 2518 l

190 2545 314 2612 Uerum
337 2547 393 2611 ubi
417 2547 525 2632 prima
547 2547 629 2612 satis
654 2550 828 2629 conspecta
851 2546 886 2610 in
908 2546 1076 2612 montibus
1101 2548 1184 2616 altis

192 2633 293 2720 Signa
315 2637 438 2720 procul,
460 2634 618 2720 fulsitque
640 2635 736 2700 nouis
761 2635 920 2700 exercitus
944 2635 1054 2720 armis,

190 2722 346 2790 Arrectae
370 2746 443 2808 spes
468 2722 602 2808 Sidonii,
624 2723 793 2808 feruetque
816 2723 964 2789 secundis

264 2904 298 2953 ⁷4
316 2900 422 2954 matres
441 2897 580 2954 Schrader
707 2901 741 2951 75
760 2897 879 2970 lumina]
898 2895 1013 2952 flumine
1031 2896 1160 2969 Reperti
1178 2931 1209 2942 -

190 2968 285 3054 uultu]
306 2969 373 3025 fletu
392 2969 590 3052 Drakenborch
608 2968 687 3022 luctu
706 2967 843 3050 Schrader
884 3040 890 3052 ⁸
929 3039 935 3052 .
1000 2974 1033 3024 76
1051 2969 1078 3024 t.
1097 2987 1210 3052 aereum

192 3038 562 3164 eum
585 3127 608 3166 0.
636 3038 1209 3182 recusaturus

193 3197 303 3252 cunque
326 3196 357 3234 as
378 3180 509 3262 nomine²
532 3181 617 3236 turba
635 3183 668 3235 A.
692 3209 726 3222 --
749 3181 853 3236 donum
872 3181 1070 3237 mascam
1093 3154 1209 3253 dignae,

199 3269 365 3322 quocunque
384 3267 414 3306 es
431 3267 554 3320 nomme,
571 3254 592 3307 t.
611 3251 645 3308 A.
670 3251 782 3320 Withof
871 3257 906 3308 80
925 3254 1026 3308 acuet
1044 3258 1070 3320 S,
1086 3259 1122 3309 ut
1138 3257 1211 3311 coni.

196 3325 346 3379 Liuineius
364 3339 417 3377 acu
435 3322 508 3378 subt.
522 3324 607 3392 culpo
625 3353 660 3364 -
678 3321 838 3378 subtemine
848 3329 884 3376 cd
901 3323 947 3390 (Τ.
957 3340 988 3394 p.
1002 3326 1073 3391 215)
1093 3324 1208 3396 subteg-

195 3395 271 3450 mine
283 3399 326 3448 ΙΝ
346 3393 398 3449 sub
415 3393 570 3449 tebminer
589 3392 642 3450 sub
659 3394 766 3450 mineo
780 3425 814 3435 -
830 3411 896 3450 acus
915 3392 1074 3450 subtemine
1087 3395 1210 3466 Rupes-ei

195 3464 384 3522 s‘ldiouons
461 3469 496 3520 89
515 3466 546 3520 at
563 3469 601 3518 eh
618 3471 687 3520 ac!
767 3470 801 3520 91
821 3465 909 3520 tacito
929 3470 966 3518 ch
982 3466 1101 3520 tanto!
1123 3471 1208 3524 cauto

188 3537 277 3604 culpo
349 3541 383 3591 96
402 3535 451 3590 ubi
469 3551 519 3592 orn.
538 3539 579 3587 n*
652 3540 687 3590 98
707 3533 817 3591 Sidonii
835 3541 872 3589 uh
894 3535 1021 3592 sidoniae
1040 3542 1057 3589 a
