2632 4016
199 206 240 260 Vl
596 203 813 260 PRAEFATIO.

292 373 350 433 Hic
373 374 420 434 vir
443 392 518 450 opus
537 391 555 432 e
579 373 704 433 Thilone
722 374 896 435 inchoatum
914 395 980 435 cum
998 375 1213 452 perficiendum

202 472 397 548 suscepisset,
424 471 506 532 illius
539 472 726 547 aliorumque
753 472 887 532 virorum
917 473 1071 533 doctorum
1099 475 1213 535 auxilio

209 570 336 646 benigne
367 570 502 646 adiutus,
530 569 639 648 viginti
670 569 800 646 quinque
828 571 976 644 codicum,
1000 572 1052 648 qui
1081 573 1213 632 aetatem

204 660 389 748 tulerunt,¹)
419 685 535 727 summa
567 686 640 727 cura
671 685 705 726 ac
737 667 896 746 diligentia
925 669 1073 728 rationem
1105 668 1213 729 babuit

205 784 367 842 eorumque
386 784 505 844 genere,
529 785 588 843 quo
607 767 673 825 erat
690 765 804 841 ingenii
822 765 966 842 acumine,
989 769 1053 826 tam
1071 770 1211 828 accurate

203 866 326 941 tamque
349 866 455 942 argute
480 863 634 940 discrevit,
660 865 696 921 ut
719 862 792 940 quin
814 866 896 923 recta
919 865 991 942 sint,
1015 883 1091 942 quae
1115 865 1150 924 de
1174 884 1211 925 ea

196 979 229 1020 re
251 961 396 1038 exposuit,
420 962 469 1022 vix
487 961 583 1037 possit
602 959 746 1037 dubitari3
766 959 940 1020 inscribitur
955 965 1056 1021 autem
1075 981 1111 1022 ea
1128 982 1208 1022 com-

199 1059 345 1118 mentatio
368 1059 460 1132 „Dic
484 1059 748 1132 Tectesquetleu
776 1060 834 1118 des
856 1059 969 1120 Silius
991 1052 1208 1141 Italicus“.²)

201 1155 306 1235 Neque
334 1157 434 1216 minus
462 1159 549 1216 acute
576 1156 608 1215 in
635 1156 739 1216 eodem
766 1157 844 1216 libro
868 1175 944 1233 quae
971 1158 1007 1216 de
1035 1158 1208 1235 archetypis

98 1283 101 1292 ¹
205 1254 324 1314 amissis
352 1257 475 1332 possent
511 1253 576 1314 erui
605 1273 701 1332 quove
734 1255 858 1314 consilio
892 1257 1009 1314 veteres
1039 1255 1098 1315 viri
1126 1255 1207 1315 docti

196 1352 239 1412 eis
263 1353 312 1411 usi
335 1355 443 1430 essent,
467 1351 635 1430 exquisivit.
691 1417 695 1433 ἱ

287 1448 447 1510 Codicibus
470 1449 565 1527 igitur
592 1449 753 1528 diligenter
781 1450 899 1510 collatis
927 1449 1130 1529 definitisque,
1154 1451 1206 1528 qui

194 1566 290 1608 novae
314 1547 438 1607 editioni
461 1550 563 1606 essent
581 1542 789 1620 fundamento,
811 1548 952 1625 undique,
975 1549 1123 1626 quidquid
1140 1569 1207 1626 per-

195 1645 312 1704 tinebat
327 1645 365 1703 ad
383 1647 503 1720 poetam
521 1645 570 1704 vel
589 1643 797 1720 explicandum
816 1645 865 1704 vel
884 1644 1108 1722 emendandum,
1127 1647 1204 1706 miro

197 1743 328 1819 quodam
351 1741 451 1802 studio
475 1742 604 1820 collegit,
628 1742 754 1801 collecta
772 1745 826 1801 ant
848 1742 879 1800 in
897 1743 1032 1818 margine
1056 1743 1205 1822 editionis,
1308 1755 1309 1762 ’

197 1859 256 1917 qua
279 1839 470 1915 potissimum
492 1839 642 1914 utebatur,
666 1839 869 1915 Rupertianae
897 1840 1057 1917 adscripsit
1080 1844 1133 1900 aut
1157 1841 1205 1900 in-

198 1937 437 1998 numerabilibus
467 1937 529 1996 fero
561 1939 667 1996 notata
698 1937 849 1998 schedulis
876 1938 922 1997 illi
955 1939 1032 1998 libro
1067 1939 1204 2000 inseruit.

193 2035 298 2114 Ipsum
312 2039 415 2094 eutem
433 2038 554 2111 poetam
572 2053 663 2112 quam
681 2035 843 2112 diligenter
860 2039 1051 2113 perspectum
1064 2037 1205 2097 habuerit

196 2153 345 2211 quamque
368 2135 449 2194 recte
468 2133 682 2207 aestimaverit,
705 2151 884 2212 cognoscere
902 2135 973 2195 licet
996 2154 1031 2194 ex
1054 2154 1202 2196 commen-

194 2231 323 2308 tatione,
351 2250 440 2308 quam
468 2230 589 2307 scripsit
620 2229 657 2290 de
685 2231 806 2291 Ernesti
834 2231 960 2292 Wezelii
992 2233 1202 2294 dissertatione

193 2328 257 2407 „De
282 2327 313 2388 0.
338 2328 404 2388 Silii
426 2329 525 2389 Italici
549 2347 617 2388 cum
639 2328 772 2388 fontibus
794 2331 860 2388 tum
883 2327 1043 2406 exemplis“
1067 2323 1202 2413 (Lipsiae

193 2421 292 2506 1874)
316 2427 349 2486 in
371 2426 558 2486 Fleckeiseni
575 2426 696 2487 Annall.
717 2428 802 2486 1874
820 2447 848 2502 p.
869 2429 1053 2488 471-512.

281 2524 346 2584 Iam
370 2525 507 2585 omnibus
534 2523 623 2584 rebus
651 2524 695 2584 ita
722 2525 909 2602 praeparatis
936 2529 972 2584 ut
999 2526 1085 2586 brevi
1107 2526 1201 2586 editio

196 2622 229 2681 in
251 2623 350 2682 lucem
373 2621 492 2700 prodire
514 2640 602 2698 posse
625 2621 791 2698 videretur,
814 2626 1007 2699 praematura
1029 2624 1081 2682 ille
1103 2627 1201 2684 morte
1306 2657 1307 2679 ι

190 2723 239 2780 est
263 2721 449 2798 absumptus,
472 2721 516 2780 nil
534 2720 592 2779 nisi
610 2723 696 2796 parte
715 2719 786 2778 libri
803 2720 892 2796 primi
912 2721 950 2780 ad
969 2721 1115 2781 edendnm
1133 2740 1200 2798 per-

189 2819 283 2895 fecta,
306 2837 402 2894 pauca
431 2836 562 2896 quoque,
586 2837 662 2894 quae
690 2818 729 2878 ad
756 2818 974 2894 praefationem
1000 2819 1201 2896 pertinebant,

195 2917 309 2993 scripta
330 2915 464 2993 reliquit,
488 2935 523 2975 ex
547 2915 656 2991 quibus
678 2915 759 2976 infra
785 2917 938 2994 nonnulla,
966 2935 1042 2994 quae
1070 2920 1141 2976 sunt
1163 2917 1200 2976 de

189 3015 350 3086 codicibus,
374 3013 594 3089 depromentur.

264 3166 291 3234 1)
310 3164 362 3220 His
381 3163 525 3220 codicibus
545 3181 640 3231 unum,
659 3166 708 3235 qui
731 3169 773 3220 est
795 3165 901 3222 Romae
923 3165 953 3221 in
975 3167 1073 3220 Museo
1096 3167 1200 3235 Prope·
1304 3217 1305 3224 ,

190 3245 315 3316 gandae,
342 3245 452 3300 addidit
474 3243 609 3315 Georgius
627 3243 815 3315 Wartenberg
836 3246 867 3300 in
888 3245 1063 3300 Fleckeiseni
1085 3245 1198 3300 Annali.

194 3331 263 3381 1887
277 3343 304 3395 p.
319 3329 371 3380 431
391 3342 446 3393 sq.;
466 3323 593 3392 alterurn,
613 3325 661 3392 qui
680 3329 724 3380 est
742 3341 776 3379 ex
793 3324 968 3382 bibliotheca
980 3324 1118 3382 Matthiae
1133 3323 1199 3381 Gor-

192 3406 264 3471 vini‚
284 3421 337 3476 ego
357 3404 465 3461 contuli
489 3403 587 3458 eodem
610 3402 673 3459 loco
698 3409 767 3459 1889
781 3423 807 3474 p.
824 3411 875 3461 796
890 3423 930 3474 sq.
950 3435 984 3445 -
1002 3409 1030 3474 2)
1053 3406 1152 3459 Exstat
1169 3405 1199 3460 in

187 3485 364 3542 Fleckeiseni
386 3483 499 3540 Annall.
527 3489 596 3540 1875
618 3501 646 3553 p.
669 3488 822 3551 let-2513
851 3485 937 3539 etiam
970 3487 1121 3554 separatim
1146 3483 1198 3540 im·
1303 3533 1304 3546 ,

184 3584 281 3640 pressa
299 3571 350 3622 est.
