2632 4014
193 204 257 271 158
589 203 657 258 SlLl
675 202 810 260 ITALIOI

189 365 236 434 Et
257 367 362 434 uallet
384 368 512 434 clausos
535 365 690 432 collectus
713 367 807 432 miles
831 367 867 431 in
890 367 1011 432 orbem.
1199 443 1202 446 ,

190 455 325 541 Uerum,
339 475 410 541 age,
426 475 513 520 nunc
532 456 687 539 quoniam
701 477 752 522 res
772 462 870 538 artae,
888 455 1018 540 percipe
1032 474 1139 538 porro,
1153 469 1208 518 aro

191 542 281 620 Quae
296 544 460 610 meditata
482 542 573 608 mihi.
596 543 682 610 latos
706 547 857 630 correpta
878 565 938 629 per
961 563 1058 629 agros

186 632 346 698 Armenta
368 637 499 697 assueto
522 631 603 696 belli
625 633 664 697 de
687 653 777 698 more
800 635 960 698 secuntur.

189 719 349 788 Cornibus
373 721 495 786 arentis
519 720 641 786 edicam
664 721 828 787 innectere
851 743 958 786 ramos

191 809 419 896 sarmentique
442 809 524 874 leuis
546 808 647 874 fronti
670 810 809 896 religare
833 810 1012 894 maniplos;

192 898 354 964 Admotus
377 921 450 964 cum
473 898 635 963 feruorem
659 897 849 982 disperserit
870 898 967 984 ignis,
1150 913 1202 964 313
1308 895 1309 902 '

190 986 238 1052 Ut
260 987 383 1072 passim
407 987 554 1052 exultent
579 986 765 1052 stimulante
789 987 901 1053 dolore
923 987 1052 1052 iuuenci

187 1075 234 1141 Et
255 1095 342 1161 uaga
364 1098 423 1160 per
447 1075 543 1142 collis
567 1075 690 1141 ceruice
713 1076 863 1142 incendia
884 1076 1015 1141 iactent.

187 1163 271 1229 Tum
294 1169 420 1230 terrore
441 1185 528 1230 nono
550 1164 698 1250 trepidus
721 1164 847 1230 laxabit
869 1163 998 1249 iniquas

188 1251 307 1318 Custos
331 1253 483 1319 excubias
507 1253 693 1338 maioraque
716 1257 811 1318 nocte
834 1252 972 1318 timebit

187 1339 223 1408 Si
247 1341 337 1408 cordi
361 1343 510 1408 consulta
534 1377 573 1390 -
599 1363 707 1408 moras
731 1345 876 1407 extrema
898 1344 1051 1406 recusant
1075 1377 1114 1389 -
1149 1358 1202 1408 330

186 1428 427 1516 Accingamur,'
451 1431 507 1495 ait.
538 1429 676 1496 Gemino
699 1431 842 1497 tentoria
865 1450 979 1516 gressu

185 1518 264 1584 Inde
286 1523 412 1604 petunt.
436 1519 552 1605 ingena
576 1519 681 1603 clipeo
704 1520 829 1584 ceruice
852 1521 984 1603 reposta
1069 1565 1071 1570 ι

185 1607 276 1673 Inter
300 1629 399 1693 equos
424 1608 574 1691 interque
596 1607 686 1673 uiros
709 1609 858 1692 interque
880 1607 1010 1672 iacebat

185 1695 289 1780 (lapte
311 1718 410 1761 manu
435 1695 541 1778 spolia
564 1699 597 1760 ct
618 1696 765 1760 rorantia
788 1694 883 1760 caede
905 1693 1057 1760 Maraxes

182 1783 232 1850 Ac
255 1785 371 1869 dirum,
393 1783 429 1848 in
452 1803 566 1849 somno
589 1805 647 1849 ceu
670 1783 757 1848 bella
780 1787 974 1868 capesseret,
998 1805 1109 1851 amens
1148 1801 1201 1851 333

183 1871 368 1939 Clamorem
390 1876 463 1936 tum
486 1871 572 1938 forte
595 1872 694 1937 dabat
716 1872 892 1956 dextraque
914 1875 1076 1938 tremente

184 1961 286 2026 Arma
309 1965 383 2026 toro
407 1965 440 2025 et
462 1965 577 2026 notum
601 1961 779 2044 quaerebat
801 1960 943 2025 feruidus
967 1983 1086 2027 ensem.

183 2048 269 2114 Huic
292 2049 402 2136 Mago,
423 2048 554 2114 inuersa
577 2049 725 2134 quatiens
749 2053 786 2114 ut
809 2048 944 2133 dispulit
967 2049 1066 2116 hasta

181 2135 367 2203 Bellantem
390 2159 553 2203 somnum:
578 2137 761 2223 ‘Tenebris
783 2136 962 2204 fortissime
986 2137 1109 2224 ductor,

181 2225 252 2292 lras
276 2247 443 2312 compeaoe
466 2229 565 2310 atque
587 2227 630 2292 in.
644 2227 749 2292 lucem
771 2226 895 2310 proelia
917 2226 1021 2294 differ.
1143 2245 1197 2295 330

182 2313 236 2380 Ad
258 2315 405 2380 fraudem
429 2315 651 2400 occultamque
674 2314 787 2400 fugam
809 2318 963 2399 tutosque
987 2319 1137 2402 receptus

179 2400 277 2470 Nunc
299 2406 396 2469 nocte
418 2401 574 2468 utendum
598 2408 655 2468 cst.
679 2403 802 2467 arentis
824 2406 952 2468 nectere
974 2402 1106 2471 frondes

181 2490 341 2558 Cornibus
366 2495 399 2556 et
421 2492 499 2556 latis
523 2513 657 2557 accensa
679 2491 856 2556 immittere
880 2491 972 2557 siluis

181 2581 348 2667 Armenta,
370 2579 514 2665 oppositi
536 2583 680 2644 reserent
702 2601 767 2666 qua
789 2581 932 2645 claustra
955 2581 1102 2668 manipli,

181 2667 362 2736 Germanus
385 2672 481 2754 parat
504 2672 600 2754 atque
624 2670 758 2734 obsessa
780 2668 920 2733 euellere
944 2673 1061 2736 castra
1138 2687 1193 2738 333
1308 2755 1309 2762 ¹

180 2757 406 2845 Emergamus,
429 2760 462 2822 ct
484 2757 538 2822 hio
560 2756 662 2823 Fabio
686 2756 880 2841 persuadeat
903 2761 1003 2842 aetus,

179 2844 257 2912 Non
280 2850 405 2912 certare
428 2844 533 2912 dolia'
561 2843 654 2912 Nihil
676 2847 753 2911 hino
776 2849 957 2925 cunctante,
980 2845 1037 2910 sed
1060 2845 1144 2914 acris

180 2935 306 3019 Incepti
328 2937 416 3001 laeto
440 2935 567 3020 iuuene,
589 2936 629 3000 ad
652 2935 796 3001 tentoria
818 2935 983 3000 Acherrae

255 3149 306 3200 303
331 3143 472 3200 confertus
490 3143 645 3200 Buctwald
667 3173 701 3184 -
725 3143 820 3198 clauso
845 3143 978 3200 collectos
1005 3143 1142 3200 Heiaaaa
1160 3176 1195 3186 —
1308 3187 1309 3192 1

183 3213 280 3271 orbem
298 3214 419 3286 Ruperti
437 3214 504 3270 orbe
523 3221 539 3268 a
643 3219 696 3269 310
713 3215 759 3270 la'c
776 3231 872 3271 uacua
889 3216 921 3270 ia
939 3215 1016 3270 codd.
1034 3215 1076 3273 cic
1093 3219 1196 3272 eadat:

183 3304 282 3342 uerum
306 3303 359 3358 age
381 3303 456 3342 nunc
479 3286 618 3376 dummodo
645 3301 690 3340 ree
714 3287 808 3342 arctae
831 3301 905 3340 nuno
931 3285 1045 3356 percipe
1088 3301 1151 3341 orro
1174 3292 1195 3340 1.

176 3373 233 3429 pro
240 3356 383 3427 quomodo
391 3389 425 3398 -
433 3373 536 3427 quomo
548 3363 569 3410 r
582 3358 601 3412 ι’.
614 3373 699 3429 marp.
732 3357 831 3426 nando,
843 3361 897 3426 quc
908 3361 1018 3426 oquov
1032 3359 1049 3426 (
1073 3374 1117 3414 .u.
1128 3359 1197 3425 633)

179 3435 232 3484 318
251 3431 362 3485 Tamo
388 3427 457 3484 (lum
475 3434 541 3482 HV
630 3431 682 3483 338
731 3426 811 3483 'act
900 3432 952 3483 339
971 3426 1130 3482 Bellantem
1148 3434 1194 3482 (lm

182 3501 238 3568 ap.
253 3505 288 3556 31
431 3505 485 3556 334
503 3499 652 3556 Sarmenta
673 3499 810 3554 Heiaa'ue
828 3529 861 3540 -
880 3515 936 3568 qua
953 3503 1014 3552 333
1033 3516 1090 3568 qno
1107 3499 1194 3570 00300

183 3576 235 3626 337
254 3570 318 3627 Non
337 3576 362 3626 et
379 3571 445 3627 hino
464 3577 509 3624 cm
526 3571 582 3642 Ep.
597 3573 631 3625 31
651 3571 710 3624 Nos
728 3575 754 3625 et
772 3569 818 3624 hio
835 3569 979 3626 Nicander
997 3570 1100 3642 aliique
