2632 4016
228 189 269 254 16
622 187 691 243 sun
710 185 842 240 immor

226 350 380 416 Titanum
404 372 467 435 quc
490 350 586 433 pulsa
609 350 735 434 cohors,
757 347 934 434 flagrantia
956 348 1042 414 bella
1198 367 1252 417 435

228 439 449 523 Cornipedum
472 438 586 503 afflatu
609 439 721 503 domat
745 441 778 502 et
802 436 996 502 stridoribus
1021 439 1099 505 axis.

226 526 359 613 Iamque
378 527 520 593 Hostum
539 527 764 610 Rutulumque
778 525 917 592 Pholum
931 526 1164 613 ingentemque
1181 527 1252 594 Me·

255 656 258 662 -
867 613 996 700 tiscum,

224 702 293 767 Iam
320 703 472 790 Lygdum
494 703 698 788 Duriumque
723 703 821 767 simul
843 702 1029 788 flauumque
1048 703 1233 770 Galaesum

226 790 271 856 Et
287 793 454 877 geminos,
478 791 635 858 Chromin
659 796 756 875 atque
780 789 884 875 Gyan,
908 791 1084 858 demiserat
1107 795 1251 860 umbris.

224 880 377 945 Daunum
401 883 509 964 etiam,
535 884 630 966 grata
654 902 717 964 quo
740 900 807 943 non
831 881 1007 962 spectatior
1030 882 1114 946 alter
1194 901 1250 950 440

224 967 314 1033 Uoce
337 991 467 1034 mouere
490 969 563 1034 fora
587 972 685 1053 atque
709 967 831 1032 orando
854 967 977 1052 fingere
1001 973 1128 1035 mentes

224 1055 294 1122 Nec
317 1057 427 1142 legum
452 1062 561 1123 custos
587 1057 762 1139 sollertior,
786 1077 902 1142 aspera
924 1057 999 1122 telis

226 1144 323 1210 Dicta
347 1147 592 1211 admiscentem:
618 1144 802 1221 ‘Quaenam
824 1149 866 1228 te,
889 1142 1005 1229 Poene,
1027 1150 1188 1230 paternae

224 1232 298 1298 Huc
322 1234 460 1320 adigunt
482 1234 624 1300 Furiae?
646 1256 713 1299 non
731 1234 811 1298 haec
835 1229 967 1298 Sidonia
989 1238 1076 1300 tecta

223 1320 380 1387 Feminea
403 1323 565 1388 fabricata
588 1345 687 1388 manu
709 1321 857 1406 pretioue
880 1326 1004 1408 parata,
1192 1343 1249 1392 445

223 1409 427 1476 Exulihusue
451 1412 564 1475 datum
589 1411 743 1476 dimensis
766 1411 845 1474 litus
868 1411 1008 1476 herenis.

222 1496 451 1564 Fundamenta
475 1499 572 1563 deum
595 1499 808 1582 Romanaque
830 1497 961 1564 foedera
985 1499 1101 1565 cernis'
1120 1537 1159 1548 -

222 1585 287 1650 Ast
309 1587 413 1669 illum,
437 1591 510 1652 toto
534 1588 711 1652 iactantem
734 1587 816 1651 talia
838 1606 964 1671 campo,

222 1673 354 1758 Ingenti
378 1679 509 1758 raptum
532 1675 608 1740 nisu
630 1675 801 1758 medioque
824 1674 970 1739 uirorum
1283 1729 1284 1736 ,

222 1762 385 1827 Auulsum
403 1763 491 1828 inter
509 1763 577 1827 tela
596 1765 694 1849 globo
718 1767 751 1826 et
770 1766 847 1846 post
865 1766 959 1848 terga
981 1766 1166 1832 reuinctum
1190 1785 1249 1836 450

223 1849 393 1916 Hannibal
417 1851 457 1915 ad
480 1873 619 1936 poenam
642 1853 750 1916 lentae
773 1851 986 1918 mandauerat
1009 1855 1090 1939 irae3

221 1937 488 2024 Increpitansque
512 1961 587 2006 suos
611 1940 726 2005 inferri
750 1943 844 2024 signa
866 1941 1000 2006 iubebat

222 2025 349 2111 Perque
372 2029 462 2112 ipsos
486 2029 593 2094 caedis
616 2029 763 2101 cumulos
788 2031 997 2114 stragemque
1020 2032 1187 2097 iacentum

222 2113 432 2180 Monstrabat
454 2116 647 2183 furibundus
671 2119 734 2182 iter
757 2121 957 2202 cunctosque
981 2119 1088 2184 ciebat

222 2202 363 2269 Nomine
375 2208 408 2268 ct
417 2205 452 2268 in
462 2206 600 2288 praedas
609 2211 753 2272 stantem
764 2205 864 2271 dabat
873 2206 1041 2291 improbus
1049 2209 1173 2274 urbem,
1188 2227 1245 2278 455

269 2291 333 2356 Sed
355 2297 532 2377 postquam
558 2318 577 2359 a
599 2295 736 2379 trepidis
761 2294 898 2360 allatum
921 2295 1047 2361 feruere
1070 2303 1203 2382 partem

221 2378 394 2460 Diuersum
417 2380 523 2446 Marte
546 2383 701 2467 infausto,
724 2381 900 2468 Murroque
925 2385 1083 2450 secundos

222 2469 317 2534 Hunc
341 2492 476 2555 superos
499 2472 657 2536 tribuisse
682 2471 778 2554 diem,
800 2472 867 2536 ruit
890 2472 980 2538 ocius
1004 2495 1116 2538 amens

220 2556 406 2643 Lymphato
430 2581 526 2624 cursu
550 2563 648 2645 atque
670 2559 816 2644 ingentis
840 2560 958 2624 deserit
981 2566 1081 2628 actus.

225 2644 406 2712 Letiferum
428 2652 548 2713 nutant
570 2649 735 2735 fulgentes
759 2649 880 2712 uertice
903 2649 1029 2735 cristae,
1187 2670 1242 2722 460

221 2732 318 2800 Crine
340 2741 378 2800 ut
401 2736 595 2802 flammifero
619 2740 721 2802 terret
742 2735 814 2801 fera
832 2756 934 2820 regna
957 2743 1108 2818 cometes,

222 2820 443 2907 Sanguineum
467 2847 623 2912 spargens
647 2826 770 2910 iguem:
793 2828 899 2890 uomit
922 2831 995 2891 atre
1016 2829 1163 2894 rubentis

221 2908 294 2974 Fax
318 2912 408 2977 caelo
433 2915 552 2999 radios,
576 2937 613 2980 ac
637 2936 735 2980 saeua
757 2915 829 2978 luce
853 2935 1021 2981 coruscum

222 2996 385 3064 Scintillat
409 3002 497 3066 sidus
520 3005 680 3089 terrisque
704 3006 848 3068 extrema
870 3004 1022 3069 minatur.

220 3086 399 3172 Praecipiti
423 3089 502 3154 dant
524 3094 592 3157 tela
613 3094 711 3178 uiam,
735 3091 814 3157 dant
838 3091 933 3176 signa
955 3093 1090 3178 uirique,
1186 3113 1240 3164 465

293 3267 346 3315 436
366 3263 465 3318 domat
479 3269 495 3315 s
509 3265 590 3320 tonat
604 3269 688 3337 welpo
752 3274 804 3322 437
821 3267 920 3322 Ostum
935 3273 971 3320 ch
986 3267 1088 3322 Oscum
1102 3268 1242 3328 Heinsius

220 3337 276 3386 438
296 3332 414 3387 Durium
433 3339 470 3386 ch
559 3341 611 3390 439
631 3337 765 3392 Chromin
784 3343 820 3390 ch
833 3368 867 3377 -
883 3336 963 3404 Gyan
982 3343 1018 3390 oh
1103 3344 1156 3394 449
1175 3342 1241 3397 uisu

219 3419 287 3458 corr.
302 3421 336 3458 m.
351 3409 368 3459 1
383 3407 414 3459 in
432 3405 496 3459 nisu
514 3411 534 3458 L
553 3405 617 3460 uisu
635 3414 676 3460 ro
695 3409 774 3462 iussu
791 3415 815 3461 V
922 3414 975 3464 457
993 3425 1147 3478 mauroque
1165 3429 1237 3469 corr.

220 3491 255 3528 m.
270 3479 286 3528 1
301 3475 333 3529 ia
350 3492 501 3546 murroquc
520 3482 540 3529 L
558 3493 710 3546 mauroque
729 3484 795 3532 Fov
863 3484 915 3534 458
934 3481 1015 3534 Hunc
1034 3485 1077 3533 ov
1096 3482 1177 3537 Nunc
1196 3491 1238 3537 1AE

219 3549 272 3600 460
291 3543 444 3602 Letiferam
462 3549 565 3603 nutant
583 3555 627 3601 cm
646 3549 701 3618 Ep.
718 3555 754 3604 57
