2632 4016
402 154 617 210 PUNICORUM
636 155 745 210 LIBER
764 156 795 210 V.
1040 157 1103 221 lll

89 314 173 382 Cum
197 317 330 402 gemitu,
353 317 546 402 rapidusque
569 318 647 403 ruit3
672 319 749 384 data
770 319 901 384 foedera
918 342 1021 404 nuper

90 406 284 471 Accendant
307 405 434 471 animos
458 407 680 492 expectatique
703 411 848 492 nepotes.
1053 423 1107 474 303

88 493 225 579 Iamque
240 494 353 559 aderat
372 495 574 580 clipeumque
591 497 655 560 uiri
670 499 767 580 atque
785 497 942 561 immania
961 498 1108 563 membra

87 581 269 648 Lustrabat
291 583 374 666 uisu,
396 583 594 668 propiorque
618 607 637 649 a
660 585 766 649 fronte
790 607 943 650 coruscae

87 670 159 736 Lux
183 672 298 758 galeae
323 693 438 736 saeuas
461 674 594 756 paulum
617 673 806 738 tardauerat
828 673 902 738 iras.

88 759 188 824 Haud
212 782 350 838 secuse
373 761 505 845 specula
527 783 681 846 praeceps
706 761 832 827 delatus
856 783 967 846 opaca,

90 846 267 913 Subsidens
291 871 405 933 campo
430 851 621 914 summissos
645 849 811 915 contrahit
834 857 933 935 artus,
1051 867 1104 916 310

90 935 172 1001 Cum
196 936 305 1002 uicina
327 937 427 1002 trucis
451 938 620 1022 conspexit
643 960 763 1004 cornua
785 939 882 1024 tauri,

90 1024 248 1101 Quamuis
270 1027 371 1111 longa
392 1025 496 1090 fames
521 1027 676 1110 stimulet,
699 1027 765 1111 le03
788 1049 872 1092 nunc
896 1027 982 1092 ferus
1008 1028 1077 1093 alta

90 1112 264 1199 surgentis
289 1114 411 1179 ceruice
435 1118 534 1199 toros,
557 1137 642 1180 nunc
665 1119 762 1180 torna
786 1116 845 1180 sub
868 1115 957 1180 hirta

89 1202 230 1266 Lumina
253 1202 389 1267 miratur
411 1202 519 1268 fronte
543 1219 580 1268 cc
602 1203 669 1268 iam
693 1204 788 1290 signa
811 1209 997 1269 mouentem

89 1291 134 1355 Et
158 1311 276 1376 sparsa
297 1312 425 1377 pugnas
448 1292 661 1356 meditantem
685 1296 811 1375 spectat
833 1293 965 1358 harena.
1051 1309 1103 1358 ³15

89 1379 153 1444 Hic
176 1378 268 1463 prior
290 1379 481 1464 intorquens
505 1381 606 1444 telum
630 1381 676 1445 sic
698 1381 825 1466 Appius
848 1381 934 1445 infit:

89 1466 140 1532 ‘Si
165 1490 230 1552 qua
252 1467 316 1531 tihi
333 1467 448 1552 pietas,
470 1468 570 1534 ictum
593 1491 633 1533 ne
658 1469 768 1533 desere
791 1469 903 1534 foedus

89 1555 135 1622 Et
159 1577 318 1642 generum
342 1557 506 1641 comitare,
530 1555 642 1622 socer?
678 1555 741 1622 Per
763 1557 907 1642 tegmina
931 1558 1025 1622 uelox

90 1645 182 1709 Tunc
206 1645 354 1729 aerisque
378 1667 487 1709 moras
510 1645 606 1710 laeuo
630 1646 723 1710 stetit
745 1646 841 1710 hasta
864 1647 996 1712 lacerto.

88 1731 134 1798 At
158 1736 274 1797 eontra
295 1755 363 1798 non
387 1733 473 1798 dicta
496 1733 605 1818 Libys,
628 1734 685 1798 sed
708 1734 853 1798 feruidus
877 1734 1007 1800 hastam
1049 1751 1102 1801 320

12 1879 13 1892 ,
87 1821 263 1902 Perlibrat‚
285 1821 397 1907 magni
421 1821 541 1886 donum
560 1822 771 1887 memorabile
793 1821 916 1907 fratris,

12 1933 13 1948 ¹
89 1908 193 1975 Caeso
218 1931 314 1995 quam
339 1909 444 1974 uictor
468 1910 528 1974 sub
552 1911 722 1976 moenibus
745 1911 800 1976 ille
825 1909 966 1995 Sagunti

87 1997 283 2063 Abstulerat
306 1997 408 2063 Durio
433 2021 470 2063 ac
494 2003 659 2082 spectatae
682 1999 792 2064 nobile
815 2020 944 2083 pugnae

89 2085 254 2151 Germano
278 2086 410 2150 dederat
432 2091 564 2170 portare
587 2089 621 2152 in
644 2087 770 2171 proelia
792 2088 921 2172 pignus,

87 2173 205 2240 Telum
223 2174 339 2260 ingens
358 2197 479 2259 perque
499 2198 590 2240 arma
608 2177 671 2240 uiri
689 2197 811 2260 perque
831 2199 897 2260 ora,
916 2176 1037 2241 doloris
1052 2191 1104 2241 323

87 2260 249 2328 Adiutum
272 2263 356 2347 nisu,
379 2264 510 2328 letalem
534 2265 669 2347 pertulit
692 2267 806 2350 ictum3

88 2351 328 2436 Exanguesque
352 2351 416 2415 uiri
440 2353 587 2417 conantis
611 2353 731 2418 uellere
754 2352 877 2417 ferrum

88 2439 127 2504 In
150 2441 271 2504 uulnus
296 2439 437 2505 cecidere
461 2463 585 2506 manus.
607 2442 692 2506 iacet
715 2463 853 2525 aequore
876 2463 996 2505 nornen

89 2526 223 2592 Clarum
246 2527 396 2594 Maeonio
421 2532 519 2613 atque
542 2528 644 2595 Italae
669 2552 744 2614 pars
768 2550 888 2614 magna
911 2529 1025 2592 ruinae

87 2617 231 2701 Appius3
255 2617 451 2682 intremuere
474 2619 573 2702 lacus,
597 2639 776 2701 corpusque
800 2617 923 2702 refugit
1050 2631 1102 2680 330

87 2703 275 2770 Contractis
299 2705 565 2790 Thrasymennus
590 2706 695 2791 aquis3
720 2707 823 2770 telum
846 2727 901 2770 030
926 2707 1060 2770 0300030

86 2793 251 2876 Expirans
276 2793 395 2877 premit
418 2798 514 2878 atque
539 2795 706 2860 admorsae
729 2795 957 2858 immurmurat
980 2793 1105 2858 hastae.

133 2879 204 2946 Nec
226 2882 288 2946 fati
312 2883 426 2946 melior
449 2883 630 2948 Mamercus
655 2905 789 2966 corpore
812 2886 884 2947 3030

12 2975 13 2996 ³
86 2969 242 3035 Exsoluit
264 2993 396 3056 poenae,
418 2971 502 3035 nulli
523 2994 590 3036 non
614 2972 741 3036 saucius
765 2970 863 3036 hosti.

162 3165 214 3214 310
234 3160 397 3216 Subsidets
418 3161 545 3218 subsidit
557 3162 692 3230 chcbnre
711 3160 839 3218 Subsidit
853 3179 953 3232 campo
974 3165 1003 3218 et
1017 3163 1105 3218 Hein-

86 3233 149 3288 ar’nc
234 3237 286 3286 314
305 3232 424 3288 micatur
443 3239 459 3286 8
546 3238 598 3288 313
617 3233 647 3287 in
664 3250 774 3304 pugnas
793 3233 928 3290 Heinsius
946 3240 971 3289 et
985 3233 1105 3304 Ruperti

87 3303 279 3368 -13330033,
294 3305 360 3358 r'nr
376 3322 391 3358 r
405 3321 543 3374 suprascr.
598 3311 650 3359 316
665 3303 738 3359 Huic
751 3305 885 3360 Heinsius
945 3311 996 3359 319
1012 3304 1103 3374 Tunc]

89 3374 199 3429 Cuncta
216 3373 414 3430 Drakenborch
513 3380 564 3430 325
584 3392 689 3446 perque
709 3391 773 3430 ossa
790 3377 907 3448 Bentley
926 3382 950 3431 et
970 3376 1048 3430 Oorte
1067 3377 1105 3430 nd

86 3445 198 3500 Lucan.
218 3445 277 3500 ΙΠ.
292 3449 356 3512 467,
376 3448 423 3502 sed
437 3447 471 3514 cs.
486 3463 510 3500 r.
526 3451 583 3502 332
697 3451 748 3501 326
768 3445 908 3500 Adiutimi
926 3451 949 3499 v
967 3448 1000 3501 in
1017 3462 1104 3518 rnarq.

85 3519 156 3571 m.2
174 3514 328 3572 admissum
344 3547 377 3557 -
396 3517 459 3572 uisu
479 3522 522 3570 ⁰V
594 3524 646 3572 332
665 3517 809 3574 admorsae
827 3523 847 3569 L
