2632 4014
196 113 263 178 226
603 113 670 168 SlLl
688 114 819 170 ITALIOI

241 277 361 362 Ingens
385 277 469 340 ferre
493 277 579 341 mala
603 281 636 342 et
657 275 822 343 Fortunae
846 279 983 344 subdere
1007 281 1093 347 oolla
1162 301 1217 350 215

200 364 347 448 Nescius,
371 365 506 430 aduersa
529 365 636 430 fronte
659 366 846 431 incurrebat
867 367 902 432 in
926 390 1018 434 arma

199 455 396 522 Uincentum
420 454 549 538 consul;
570 454 726 538 pereundi
748 453 888 520 Martius
912 458 1008 522 ar'dor

200 543 309 628 Atque
333 542 458 607 animos
482 543 547 606 iam
567 543 638 606 sola
661 543 762 608 dabat
783 543 902 610 fiducia
925 547 1055 631 mortis,

196 631 278 700 Cum
300 631 471 697 Uiriathus
496 652 596 717 agens
619 630 705 714 telis,
727 635 883 716 regnator
905 633 1050 700 Hiberae

194 721 424 807 Magnanimos
447 725 563 804 terrae,
584 721 676 784 iuxta
699 724 797 804 atque
821 727 897 786 ante
920 745 979 787 ora
1000 723 1141 790 furentis
1160 742 1216 794 220

196 809 378 876 Obtruncat
400 807 494 873 Pauli
515 809 640 873 fassum
664 809 851 874 certaminis
876 810 1014 877 hostem.

196 899 270 964 Heu
293 899 395 983 dolor,
418 897 482 962 heu
504 897 670 962 lacrimae!
699 894 866 982 Seruilius,
889 900 1015 982 optima
1037 901 1127 986 belli,

194 987 276 1054 Post
298 986 436 1052 Paulum
459 985 538 1050 belli
560 1006 637 1070 pars
661 985 796 1070 optima,
819 989 941 1052 corruit
964 989 1031 1054 ictu

194 1075 372 1142 Barbarico
396 1095 611 1160 magnamque
635 1075 752 1139 cadens
775 1075 841 1140 leto
866 1075 990 1141 addidit
1012 1099 1076 1143 uno

196 1164 358 1230 Inuidiam
382 1161 513 1228 Cannis.
536 1163 665 1226 tristem
688 1185 756 1228 non
778 1164 914 1248 pertulit
937 1165 1020 1230 iram
1160 1183 1214 1232 225

199 1252 320 1318 Consul
344 1258 386 1336 et,
408 1251 516 1316 insani
539 1273 736 1336 quamquam
760 1253 923 1318 contraria
946 1255 1035 1320 uent‘

196 1337 356 1408 Exarmat
379 1341 430 1406 uis
454 1344 552 1424 atque
577 1339 725 1404 obtendit
746 1342 880 1425 puluere
904 1343 1019 1428 lucem,

197 1429 408 1515 Squalentem
430 1450 583 1514 rumpens
607 1427 756 1514 ingestae
779 1433 893 1495 toruus
917 1431 1059 1495 harenae

195 1519 381 1604 Ingreditur
404 1517 553 1582 nimbum
577 1538 614 1582 ae
637 1518 704 1582 ritu
725 1517 792 1582 iam
816 1519 915 1583 moris
939 1517 1055 1584 Hiberi

194 1607 347 1675 Carmina
369 1607 499 1690 pulsata
521 1604 711 1669 fundentem
734 1606 874 1672 barbara
898 1613 1006 1673 caetra
1156 1625 1210 1674 230

195 1695 327 1762 Inuadit
350 1696 526 1778 laeuaeque
548 1693 632 1758 fodit
654 1693 770 1758 uitalia
793 1717 963 1761 mammae.

193 1783 256 1850 Hic
279 1785 342 1849 fuit
365 1785 527 1848 extremus
552 1782 686 1847 caedum
709 1782 812 1849 labor.
836 1784 952 1849 addere
976 1785 1063 1850 bello

194 1873 293 1939 Haud
316 1873 403 1936 ultra
426 1871 520 1936 licuit
543 1871 700 1954 dextram,
722 1893 782 1936 nec
805 1875 899 1937 tanta
921 1873 1069 1938 relietum
1093 1879 1145 1938 est

195 1961 266 2045 Uti,
288 1960 403 2045 Roma,
424 1959 487 2024 tibi
509 1960 648 2044 posthac
672 1959 712 2024 ad
734 1961 860 2044 proelia
883 1961 995 2026 Paulo

194 2048 315 2116 Saxum
337 2051 463 2134 ingens,
486 2051 581 2112 uasto
604 2047 760 2112 libratum
783 2049 936 2133 pondere,
960 2071 1055 2114 caeca
1155 2067 1213 2118 235

193 2139 295 2205 Uenit
317 2139 353 2202 in
376 2159 433 2202 ora
455 2159 556 2201 manu
579 2137 621 2219 et,
643 2135 825 2220 perfractae
849 2137 984 2202 cassidis
1008 2159 1083 2203 aera

194 2227 331 2294 Ossibus
354 2225 524 2310 infodiens,
547 2225 724 2308 compleuit
748 2227 906 2310 sanguine
929 2227 1048 2291 uultus.

193 2317 272 2382 Inde
294 2315 410 2400 pedem
432 2315 583 2396 referens,
606 2313 751 2377 labentia
773 2315 921 2380 membra
944 2315 1126 2400 propinquo

194 2405 358 2490 Imposuit
382 2403 516 2488 scopulo
541 2405 647 2486 atque,
669 2401 807 2466 undanti
829 2403 964 2468 uulnere
988 2403 1154 2489 anhelans,

195 2493 286 2560 Sedit
309 2493 466 2558 terribilis
490 2491 630 2574 clipeum
653 2511 750 2574 super
773 2513 827 2555 ore
851 2495 998 2556 cruento:
1155 2509 1215 2558 240

194 2583 353 2648 Immanis
377 2603 444 2665 eeu,
467 2578 609 2664 depulsis
633 2579 811 2644 leuioribus
834 2579 950 2662 hastis,

194 2671 331 2755 Accepit
352 2671 404 2735 leo
428 2691 500 2734 cum
524 2667 657 2732 tandem
680 2689 738 2752 per
760 2672 895 2752 pectora
917 2668 1050 2752 sermm,

196 2758 270 2825 Stat
293 2760 351 2824 teli
373 2757 502 2842 patiens
526 2755 633 2821 media
654 2756 886 2820 tremebundus
909 2755 1033 2820 harena

196 2847 255 2932 Ao,
277 2851 430 2912 manante
452 2845 539 2910 iubis
562 2845 710 2928 rictuque
734 2850 767 2910 et
789 2845 922 2909 naribus
946 2845 1033 2909 unda

196 2935 380 3023 Sanguinis,
398 2934 562 2999 interdum
581 2933 772 3018 languentia
790 2955 958 2998 murmura
975 2937 1140 3018 torquens,
1157 2948 1214 2997 245

193 3025 344 3092 Effundit
367 3024 482 3108 patulo
506 3031 709 3108 spumantem
733 3043 771 3086 ex
796 3043 851 3086 ore
874 3043 1029 3086 cruorem.

192 3143 406 3154 ...-..—---—-

266 3206 318 3257 219
336 3198 482 3253 Uiriathus
502 3201 586 3250 chov
608 3195 741 3250 uiriattus
759 3201 779 3248 1.
805 3194 881 3250 uirat
897 3198 983 3250 tusr
1069 3199 1122 3249 220
1141 3199 1214 3251 ante

196 3292 247 3330 om.
266 3277 328 3326 hro
406 3275 457 3325 229
477 3268 535 3324 iam
552 3266 650 3338 moris]
667 3265 785 3321 uictoris
799 3266 919 3336 Ruperti
1004 3271 1055 3321 233
1074 3264 1214 3321 relictum

195 3349 238 3399 est
256 3350 294 3398 ch
315 3341 481 3398 relictums
576 3343 627 3392 235
642 3331 750 3392 saxos
845 3343 897 3392 239
916 3337 1032 3392 uulnere
1050 3343 1095 3390 cn
1113 3337 1212 3406 ΕΜ

194 3421 245 3470 241
266 3412 391 3486 delapsis
411 3417 429 3466 0
552 3415 603 3464 243
622 3409 771 3478 impatiens
794 3407 929 3465 Heinsius
952 3439 986 3449 -
1005 3406 1216 3464 fremebundus

197 3486 306 3543 Gronov
325 3492 351 3543 ct
369 3483 504 3542 Halmius
