2632 4014
196 192 261 257 160
590 187 660 244 SILI
677 191 814 248 ITALIOI

196 353 344 420 Torserit
366 351 589 438 Omnipotens,
612 375 654 418 an
678 353 781 419 caeeis
804 357 902 439 rupta
925 353 1072 419 cauernis

193 441 328 508 Fuderit
351 445 481 527 egestas
505 462 639 506 accenso
662 441 815 525 sulphure
837 443 987 508 flammas

190 529 309 596 Infelix
331 531 440 615 tellus,
461 529 569 594 media
591 529 820 600 informidine
844 535 1013 616 quaerunt.

190 621 324 705 Iamque
343 620 476 701 abeunt3
494 615 668 703 faucesque
689 618 759 684 uiae
778 617 862 686 eitus
882 624 1019 704 ooeupat
1037 619 1138 686 armis
1152 635 1206 688 999

189 708 318 773 Poenus
342 707 431 772 etin
453 707 583 792 patulos
606 707 755 772 exultans
780 708 897 774 emieat
920 730 1026 795 agros.

188 796 261 862 Huo
284 799 395 861 tamen
418 817 519 879 usque
542 794 625 881 uigil
647 800 850 880 processerat
874 802 944 862 arte
966 797 1101 884 regendi

189 885 340 950 Dictator
365 883 518 949 Trebiam
541 887 574 948 et
597 883 695 949 Tusci
716 889 794 968 post
817 885 935 971 stagna
957 885 1121 972 profundi,

191 974 289 1040 Esset
311 975 348 1038 ut
371 971 550 1037 Hannibali
572 970 711 1038 Fabium
734 972 948 1060 Romanaque
970 975 1038 1040 tela

193 1061 348 1127 lluasisse
371 1060 461 1126 satis.
484 1060 564 1145 quin
586 1064 619 1125 et
640 1060 782 1146 uestigia
803 1062 891 1147 pulsi
1154 1079 1207 1132 380

189 1150 235 1216 Et
259 1170 389 1236 gressus
412 1151 575 1233 premeret
598 1149 722 1234 eastris,
743 1149 780 1214 ni
803 1171 894 1216 saera
917 1154 1073 1216 uocarent

193 1237 246 1304 Ao
268 1238 393 1322 patrios
416 1237 601 1304 ueneranda
623 1238 710 1306 deos.
733 1242 813 1322 tum,
836 1260 950 1304 uersus
975 1239 1017 1304 ad
1039 1239 1163 1325 urbem,

191 1326 382 1412 Alloquitur
403 1325 564 1411 iuuenem,
587 1327 639 1392 oui
657 1349 728 1393 mos
751 1327 934 1394 tramittere
957 1329 1053 1413 signa

193 1415 239 1480 Elt
260 1416 338 1480 belli
362 1437 523 1480 summam
545 1415 731 1500 primasque
753 1415 889 1482 iubebat
910 1415 1067 1496 habenas,

191 1503 301 1589 Atque
324 1504 377 1570 his
400 1504 599 1588 praeformat
622 1504 717 1569 dietis
740 1505 900 1590 fingitque
923 1505 1096 1572 monendo:
1152 1521 1207 1572 983

191 1591 247 1658 ‘Si
270 1591 366 1658 laetis
388 1592 540 1677 nondum,
562 1590 696 1677 Minaei,
718 1596 752 1656 te
775 1598 872 1659 cauta
894 1594 1034 1678 probare

193 1680 326 1746 Erudiit
347 1679 493 1745 Fortuna
516 1680 606 1762 meis,
628 1702 687 1745 neo
711 1680 826 1746 dueere
849 1682 951 1746 uerba

194 1768 247 1834 od
270 1791 384 1833 uerum
408 1767 504 1832 deeus
528 1789 566 1834 ao
588 1767 699 1852 prauis
722 1790 831 1834 arcere
853 1769 1019 1838 ualebunt.

197 1857 321 1923 Uidisti
344 1857 488 1922 olausum
511 1855 744 1942 Hannibalem3
767 1857 814 1922 nil
837 1859 932 1924 miles
956 1863 990 1924 et
1013 1861 1084 1926 alae
1137 1909 1140 1916 .

191 1945 307 2010 quere
330 1948 389 2011 aut
411 1944 518 2010 densis
542 1945 629 2032 legio
653 1945 799 2012 conferta
820 1947 981 2031 maniplis.
1153 1965 1208 2016 999

191 2034 308 2100 Testor
331 2037 374 2120 te,
398 2033 487 2098 aolus
511 2034 613 2100 clausi
635 2056 695 2100 neo
719 2035 832 2100 deinde
856 2035 1008 2102 morabor
1035 2073 1073 2083 -
1304 2039 1305 2074 l

190 2123 250 2188 Dis
274 2124 343 2188 sine
367 2143 419 2187 me
442 2122 545 2188 libare
569 2122 684 2208 dapem
708 2127 740 2188 et
764 2124 937 2190 sollemnia
959 2124 1044 2189 ferre
1066 2161 1104 2172 -

191 2210 287 2278 Hune
309 2211 427 2276 iterum
446 2214 542 2296 atque
560 2211 680 2277 iterum
698 2212 844 2278 uinotum
862 2214 914 2278 uel
933 2213 1100 2278 montibus
1119 2213 1207 2297 altis,

191 2300 352 2366 Amnibus
367 2303 424 2364 aut
437 2299 560 2385 rapidis
570 2301 718 2366 —modo
733 2323 845 2388 pugna
858 2301 1056 2366 absistite-
1069 2302 1206 2368 tradam.

190 2388 321 2454 Interea
347 2425 385 2436 —
410 2389 502 2454 erede
522 2393 664 2474 experto,
687 2411 754 2455 non
775 2389 920 2455 fallimus
946 2427 984 2437 -
1011 2391 1118 2476 aegris
1152 2405 1206 2458 395

192 2477 251 2543 Nil
274 2477 416 2544 mouisse
441 2483 528 2542 salus
551 2478 657 2542 rebus.
682 2477 725 2542 sit
748 2479 854 2564 gloria
877 2478 989 2543 multis

192 2567 238 2632 Et
260 2568 397 2651 plaoeat,
421 2565 540 2650 quippe
563 2565 740 2652 egregium,
763 2571 965 2650 prosternere
988 2565 1075 2632 ferro

192 2654 344 2737 Hostem3
368 2653 425 2718 sed
447 2653 551 2720 Fabio
575 2657 619 2720 sit
641 2676 701 2720 uos
725 2675 872 2721 seruasse
894 2655 1091 2739 triumphus.

191 2743 293 2808 Plena
315 2742 378 2807 tibi
401 2746 509 2810 eastra-
530 2747 626 2829 atque
649 2743 791 2809 intactus
815 2745 948 2809 uulnere
973 2743 1066 2808 miles

192 2830 354 2917 Creditum
376 2831 438 2896 hos
461 2831 555 2898 nobis
578 2868 615 2880 -
637 2832 699 2896 erit
720 2832 801 2898 haee
823 2832 887 2898 tibi
910 2831 1075 2918 gloria-
1097 2832 1203 2900 redde.

191 2919 263 2984 Iam
286 2941 398 2985 eernes
420 2919 579 3006 Libycum
601 2920 677 2986 huie
700 2921 788 2986 uallo
813 2921 972 2986 assultare
995 2921 1134 3006 leonem,
1153 2937 1208 2990 401

264 3138 317 3188 372
336 3133 421 3201 rupta
440 3137 484 3184 cm
498 3133 516 3186 l.
531 3133 548 3185 l.
631 3135 683 3186 315
702 3129 816 3200 Iamque
832 3138 875 3185 tm
890 3131 907 3184 l.
923 3132 941 3186 l.
1023 3135 1075 3186 386
1089 3129 1210 3203 Minuci]

195 3203 303 3258 inimici
325 3209 367 3256 Iar
396 3207 433 3271 (F
455 3204 475 3256 i.
498 3218 588 3272 marp.
613 3202 640 3258 l.'
666 3200 743 3256 uinci
768 3201 798 3256 T.
821 3220 850 3272 p.
869 3204 941 3268 232)
963 3201 1059 3256 mnuoi
1078 3206 1097 3256 0
1117 3217 1168 3258 om.
1187 3209 1212 3256 v

196 3281 247 3330 391
284 3291 394 3330 aarum
435 3273 554 3328 Heiresio
590 3278 701 3329 auctore
731 3275 813 3328 aneis
853 3273 972 3328 iucludet
1014 3272 1212 3328 maeoseu

198 3352 249 3401 393
268 3345 348 3400 Hune
362 3350 445 3398 cm
464 3343 547 3400 Nune
561 3348 604 3397 ov
622 3345 701 3400 Tune
715 3343 849 3412 Lesebrm
863 3350 888 3400 et
901 3343 1016 3400 Ernesti
1072 3342 1209 3398 assalli-

195 3433 257 3472 mus
276 3422 313 3470 91
332 3416 491 3486 (apros)
511 3414 637 3469 fallimur
655 3421 671 3468 3
765 3421 816 3472 393
834 3417 981 3470 nouisses
1061 3419 1112 3470 398
1133 3414 1171 3469 sit
1191 3420 1208 3468 11

200 3487 292 3542 siocli
364 3493 416 3542 400
435 3485 515 3540 uobis
534 3485 679 3542 crs-erit
693 3487 764 3540 haee
782 3503 812 3541 se
830 3483 922 3554 gloria
936 3490 995 3538 919
1014 3485 1085 3540 haee
1103 3485 1153 3540 sed
1171 3485 1211 3556 gl.

202 3559 241 3614 erl.
256 3559 334 3616 Rom.
349 3575 398 3618 aee.
419 3559 464 3614 sat
482 3557 615 3626 Lasature
686 3561 737 3612 401
757 3556 842 3610 huet
861 3555 935 3611 huno
953 3556 1012 3612 edd.
1026 3560 1135 3614 reeaott.
