2596 4010
269 43 301 85 η

200 175 265 240 114
608 177 675 232 SILI
693 175 827 232 ITALICI
907 215 909 226 .

203 339 269 405 Ceu
293 343 387 423 pater
410 338 556 404 Oceanus
580 361 653 404 oum
677 361 775 404 saeua
797 338 923 424 Tethye
947 339 1072 425 Calpen
1180 358 1233 408 305

202 427 397 492 Herculeam
423 427 498 492 ferit
521 431 618 512 atque
642 450 737 492 exesa
759 429 794 493 in
817 429 943 493 uiscera
967 429 1091 494 montis

207 514 401 580 Contortum
424 517 560 600 pelagus
584 513 781 582 latrantibus
804 516 926 602 ingerit
948 517 1057 581 undis:

204 604 295 668 Dant
318 605 475 689 gemitum
500 605 636 689 scopuli,
658 604 843 688 fractasque
866 605 902 670 in
923 605 1059 689 rupibus
1085 607 1201 672 undas

201 692 304 758 Audit
327 693 499 758 Tartessos
523 691 599 756 latis
623 693 815 758 distermina
838 693 944 776 terris,

201 781 305 846 Audit
327 804 394 846 non
416 803 518 864 paruo
543 781 666 846 diuisus
690 781 821 866 gurgite
845 781 954 846 Lixus.
1175 801 1230 850 400

180 889 183 896 ·
244 870 332 936 Ante
357 869 462 934 omnis
487 871 592 934 iaculo
616 869 733 934 tacitas
755 870 891 934 fallente
915 893 974 954 per
998 893 1105 938 auras

202 959 376 1024 Ocoumbit
398 957 519 1042 Bogus,
541 957 721 1023 infaustum
745 959 800 1043 qui
822 959 947 1042 primus
971 959 1012 1022 ad
1035 981 1178 1026 amnem

118 1063 124 1076 ·
203 1047 308 1111 Ticini
332 1046 479 1130 rapidam
503 1048 538 1110 in
561 1047 702 1111 Rutulos
726 1050 931 1112 contorserat
952 1047 1095 1114 hastam.

201 1135 261 1199 llle
286 1135 350 1200 sibi
372 1136 506 1220 longam
530 1134 648 1200 Clotho
671 1136 866 1218 turbamque
889 1140 1046 1219 nepotum

202 1223 399 1307 Crediderat,
422 1225 515 1288 uanis
540 1224 692 1308 deceptus
716 1224 751 1288 in
774 1223 852 1288 alite
876 1223 989 1309 signis.
1176 1243 1232 1292 405
1277 1279 1278 1286 ,

203 1310 265 1376 Sed
289 1335 356 1376 non
378 1312 513 1398 augurio
537 1312 713 1376 Parcarum
735 1312 902 1396 impellere
925 1315 1030 1377 metas

206 1399 403 1466 Concessum
427 1401 585 1484 cuiquam.
609 1401 675 1465 ruit
698 1401 783 1464 inter
806 1401 873 1465 tela
896 1401 1038 1466 cruentis

207 1487 391 1574 Suspiciens
417 1489 516 1553 oeulis
541 1489 666 1553 caelum
690 1510 888 1572 superosque
911 1489 1053 1573 reposcit

201 1578 361 1661 Tempora
384 1577 564 1660 promissae
588 1577 695 1640 media
718 1577 784 1641 iam
807 1579 912 1641 morte
937 1580 1097 1642 senectae.

202 1665 272 1730 Nee
295 1664 424 1750 Bagaso
449 1667 593 1728 exultare
618 1665 753 1730 daturne
775 1665 907 1748 impune
931 1667 1092 1750 relietum,
1171 1684 1227 1735 410

203 1752 353 1818 Consulis
378 1756 454 1816 ante
479 1754 589 1818 oculos
613 1753 683 1817 uita
707 1753 864 1836 spoliasse
887 1752 1053 1818 Libonem.

202 1841 391 1924 Laurigeris
415 1842 510 1906 decus
534 1842 616 1905 illud
639 1842 709 1907 auis
731 1864 881 1925 nauaque
904 1842 1040 1907 iuuenta

202 1929 375 2012 Florebat3
399 1930 454 1994 sed
478 1928 644 2014 Massylus
669 1930 849 1994 succiderat
872 1931 958 1994 ensis

202 2017 404 2082 Pubescente
428 2022 525 2101 caput
548 2019 645 2097 mala,
669 2040 870 2104 properoque
893 2019 1030 2084 uirentis

202 2105 337 2170 Delerat
360 2107 426 2170 leto
451 2106 553 2170 bellat
539 2109 592 2170 tor
615 2107 772 2171 barbarus
797 2129 911 2172 annos.
1173 2127 1228 2174 410

202 2193 400 2258 Flaminium
423 2195 614 2278 implorasse
637 2196 779 2259 tamen
770 2217 837 2259 ram
860 2199 965 2259 morte
990 2191 1164 2278 suprema'

204 2282 302 2347 Haud
325 2282 410 2346 fruct
397 2287 448 2346 tra
470 2283 545 2368 fuit3
569 2283 684 2347 auulsa
707 2288 757 2347 est
779 2305 856 2348 nam
879 2285 1029 2368 protinus
1054 2284 1149 2348 hosti

206 2371 268 2436 Ore
292 2373 389 2436 simul
408 2371 529 2454 ceruix3
552 2371 637 2436 iuuit
659 2372 773 2455 punire
797 2371 896 2436 feroci

204 2459 372 2525 Uictorem
389 2461 543 2545 exemplo
568 2463 601 2524 et
624 2464 843 2524 monstratum
865 2460 997 2525 reddere
1020 2460 1136 2527 letum.

189 2585 191 2590 .
250 2549 328 2625 Quis
353 2549 439 2634 deus,
463 2572 482 2613 o
506 2548 627 2630 Musae,
651 2548 783 2632 paribus
806 2552 857 2612 000
879 2548 994 2614 funera
1016 2549 1129 2615 uerbis
1169 2567 1227 2618 420

203 2635 368 2708 Euoluat?
391 2642 465 2702 tant
451 2637 558 2721 tisque
582 2637 704 2701 umbris
728 2638 763 2700 in
787 2637 927 2702 carmine
951 2638 1049 2723 digna

276 2835 328 2884 395
357 2831 465 2899 Tebye
499 2828 635 2882 Heinsius
666 2833 751 2882 00000
783 2829 883 2898 0001100
912 2834 949 2882 (th
982 2846 1003 2882 s.
1031 2829 1125 2884 cedite
1152 2838 1174 2884 1.
1206 2852 1227 2888 s.

209 2900 339 2955 eechrer
358 2917 439 2954 00000
430 2849 559 2954 ycetreo
580 2915 664 2952 00000
678 2901 753 2954 cetre
763 2903 786 2950 V
797 2900 841 2966 (T.
852 2917 878 2980 p.
889 2903 959 2968 227)
979 2898 1090 2954 saeuior
1104 2901 1228 2958 aethere

202 2973 288 3041 uulpo
300 2988 385 3025 saeua
398 2969 514 3040 cuspide
528 2971 602 3025 Beni
591 2971 645 3041 0100
717 2975 769 3024 396
785 2971 861 3024 exesi
875 2971 1009 3034 Heinsius
1082 2977 1136 3026 398
1151 2974 1228 3029 frae-

202 3039 340 3108 tosquei.
360 3059 381 3095 r.
402 3045 462 3095 aest
463 3058 495 3094 00
517 3041 639 3111 Ruperti
723 3046 775 3096 402
796 3039 934 3122 000000ὶο
953 3047 995 3094 ov
1075 3044 1228 3100 rosulas

204 3112 340 3166 Heinsius
398 3117 449 3166 407
466 3113 596 3166 cruentus
611 3112 729 3182 Bentley
776 3117 829 3166 409
844 3110 901 3165 iam
920 3113 949 3166 in
968 3114 1057 3167 morte
1071 3112 1230 3171 Liuineius

204 3187 257 3236 410
275 3183 382 3251 bagaso
401 3188 441 3234 LE
460 3181 561 3250 bigaso
581 3187 623 3234 ov
642 3182 751 3252 Pegaso
766 3188 803 3235 ch
816 3184 851 3249 cf.
866 3182 1099 3252 Sctlietteieenp.
1115 3190 1176 3241 125
1193 3219 1228 3228 —

204 3253 325 3307 daturus
348 3259 383 3305 ch
407 3253 490 3306 datur
513 3270 547 3306 uo
571 3259 612 3305 LF
636 3255 685 3307 dat
674 3260 719 3307 tur
742 3271 777 3308 ne
801 3259 844 3306 ov
871 3253 955 3309 diuae
982 3254 1094 3310 Gronov
1124 3256 1230 3310 datum

204 3326 289 3392 atque
307 3325 443 3379 Heinsius
519 3328 570 3376 411
586 3325 765 3395 uita]ietu1n
782 3323 892 3380 Gronov
977 3331 1029 3379 412
1045 3335 1229 3396 0000000010

206 3411 335 3463 uanaque
356 3401 371 3446 Β
520 3399 572 3449 415
592 3395 732 3466 annom
750 3397 782 3449 in
804 3413 891 3466 00000.
915 3396 1026 3451 l'armos
1046 3397 1146 3467 (Dp
1151 3403 1227 3467 232)

205 3465 285 3520 417
277 3481 333 3520 ram
354 3470 390 3518 ch
460 3471 513 3520 419
532 3469 562 3519 00
580 3467 691 3520 addidit
709 3467 858 3521 'Liuineius
872 3473 897 3522 et
910 3466 1054 3535 Heinsius,
1073 3470 1175 3523 deest'
1162 3478 1228 3526 ms

205 3539 256 3589 421
277 3535 398 3591 Εο01000
416 3543 438 3588 v
457 3535 598 3592 Euoluens
616 3541 678 3588 tro
697 3537 820 3591 Euoluet
837 3539 921 3608 uulgo
