2596 4010
194 173 259 239 130
590 171 658 226 aar
676 169 809 226 1000101

194 335 278 400 Το01
301 334 465 418 trepidum
489 357 526 400 ac
549 333 654 399 socios
678 338 821 398 extrema
845 354 923 398 uoce
947 333 1095 399 cientem

195 423 338 507 Corripit
362 427 459 506 atque
482 423 601 488 haustu
626 423 761 487 sorbens
785 426 818 486 et
841 421 989 486 faucibus
1014 423 1104 486 atris
1136 459 1183 471 -

193 511 272 578 Uidi
295 512 469 594 respiciens
496 547 534 558 —
560 512 720 576 obscaena
743 510 886 575 condidit
910 510 994 575 aluo.

193 600 311 665 Infelix
332 600 433 665 fluuio
457 622 528 665 sese
551 603 584 664 et
607 599 809 665 torrentibus
833 599 927 663 undis
1178 617 1233 666 000

195 687 382 754 Crediderat
404 688 564 772 celerique
587 687 666 773 fuga
688 688 754 752 iam
777 687 880 752 nabat
903 686 1062 772 Aquinus.

193 777 289 843 Hunc
312 777 418 842 medio
441 777 563 842 inuasit
585 776 686 842 fluctu
709 778 862 860 ripaeque
885 777 1006 840 relatos
1031 813 1075 822 —

195 867 267 931 Heu
291 887 392 952 genus
415 865 583 930 infandum
606 865 678 928 leti!
705 901 742 912 -
769 863 956 947 depascitur
979 867 1082 928 artus.

239 954 293 1020 Sic
316 955 421 1018 dirum
443 953 540 1019 nobis
564 957 597 1018 et
618 953 829 1018 lamentabile
851 955 1034 1017 monstrum

193 1037 365 1130 Effugisse.
381 1041 485 1124 datur.
508 1045 668 1127 quantum
692 1063 783 1106 mens
807 1061 906 1126 aegra
929 1041 1068 1123 sinebat,
1174 1061 1229 1110 000

195 1127 388 1216 Α’ρρτοροτο
413 1152 560 1215 gressum
584 1134 617 1195 et
641 1130 768 1195 ductori
791 1129 922 1215 singula
943 1129 1062 1214 pande.

194 1220 369 1304 ingemuit,
393 1241 486 1284 casus
509 1220 663 1284 iuuenum
687 1219 865 1304 miseratus
883 1219 1045 1306 acerbos„

194 1307 305 1392 thue
329 1297 452 1372 eratin
470 1303 596 1392 pugnas
616 1311 649 1371 et
667 1305 808 1371 Martem
828 1298 1005 1390 et‘p'roelia
1027 1310 1062 1372 et
1079 1305 1225 1374 hostem
1284 1307 1285 1398 0

193 1397 312 1481 Igneus
336 1399 369 1460 et
391 1417 510 1479 magna
534 1395 672 1461 audendi
694 1395 858 1480 flagrabat
881 1416 999 1478 amore,

194 1484 291 1550 Ocius
315 1505 406 1548 arma
428 1484 499 1568 rapi
523 1488 556 1548 et
580 1487 762 1569 spectatum
784 1483 891 1548 Marte
915 1483 974 1548 sub
999 1483 1091 1547 omni
1168 1502 1224 1550 010

139 1593 144 1655 0
194 1573 246 1637 lre
269 1573 361 1636 iubet
384 1572 508 1656 campis
532 1575 682 1656 equitem.
705 1572 771 1636 ruit
794 1573 873 1658 ipse,
897 1572 1032 1636 citatum

196 1661 442 1744 Quadrupedem
466 1661 581 1743 plenta
604 1645 954 1744 fodienssseutataque
976 1659 1101 1746 raptim

142 1753 147 1796 ff
194 1747 411 1832 Consequitur
434 1749 521 1813 iusso
545 1771 659 1813 manus
682 1753 716 1813 et
740 1747 879 1813 muralia
887 1747 1010 1832 'portat

194 1837 353 1901 Ballistae
376 1839 539 1900 tormenta
562 1837 673 1926 grauis
698 1839 887 1925 suetamque
911 1858 1043 1902 mouere

193 1921 348 1990 Encelsas
372 1925 473 1989 turris
496 1923 673 1990 immensae
697 1926 839 2010 cuspidis
862 1926 1001 1993 hastam.
1164 1943 1222 1992 010

192 2012 326 2096 Iamque
349 2009 404 2076 ubi
428 2011 564 2077 feralem
587 2010 725 2098 strepitu
749 2015 964 2078 circumtonat
987 2014 1098 2078 aulam
1283 2085 1284 2090 1

194 2101 319 2166 Cornea
342 2100 544 2186 gramineum
570 2103 755 2185 persultans
779 2104 902 2188 ungula
925 2123 1085 2188 campum,
1283 2093 1284 2188 0

193 2189 339 2254 Percitus
362 2189 493 2254 hinnitu
517 2211 647 2273 serpens
671 2191 835 2255 euoluitur
858 2195 953 2256 antro

192 2277 238 2342 Et
261 2277 394 2363 Stygios
418 2282 528 2343 aestus
551 2279 691 2343 fumanti
716 2279 867 2344 exsibilat
890 2301 954 2343 ore.

193 2366 361 2432 Terribilis
385 2368 514 2451 gemino
539 2366 577 2431 de
600 2367 722 2432 lumine
744 2367 892 2453 fulgurat
913 2367 1016 2452 ignie3
1164 2387 1223 2435 000

194 2455 239 2518 At
260 2477 375 2520 nemus
400 2459 544 2520 arrectae
567 2461 600 2520 et
622 2477 758 2540 procera
780 2456 948 2521 cacumina
971 2455 1075 2520 saltus

194 2543 383 2629 Exupcraut
407 2544 540 2629 orista03
562 2544 671 2608 trifido
694 2545 826 2608 uibrata
849 2567 908 2629 per
931 2565 1025 2608 aurae
1069 2551 1072 2556 '
1281 2539 1282 2619 0

193 2630 320 2716 Lingua
343 2633 443 2697 micat
466 2637 556 2697 motu
581 2636 678 2717 atque
702 2634 864 2697 assultans
889 2632 1021 2696 aethera
1044 2631 1182 2699 lambit.

193 2719 239 2785 Ut
262 2743 339 2786 uero
363 2725 531 2805 strepuere
554 2721 663 2804 tubae,
687 2722 882 2786 conterritus
906 2721 971 2785 alte

192 2807 393 2874 Immensum
417 2810 541 2875 attollit
564 2831 681 2892 corpus
705 2814 863 2895 tergoque
886 2808 1031 2874 residens
1161 2827 1220 2877 000

193 2895 310 2961 Cetera
333 2898 471 2962 sinuatis
496 2899 656 2983 glomerat
679 2899 739 2962 sub
762 2903 892 2980 pectore
916 2897 1017 2982 gyris.

192 2984 273 3049 Dira
297 2984 411 3049 dehinc
434 2987 469 3049 in
492 2987 578 3050 bella
601 2987 667 3050 ruit
690 2987 865 3070 rapideque
888 2986 1054 3051 resoluens

195 3106 406 3117 *φα-ι...-

265 3181 316 3230 000
335 3174 496 3245 ripaeque!
515 3177 630 3246 ripaque
647 3183 727 3230 ch-
738 3178 842 3234 relatos
858 3183 902 3230 001
911 3178 968 3246 Ep.
982 3181 1022 3233 00
1077 3182 1137 3232 004
1153 3180 1218 3254 Sic]

190 3246 244 3303 Uix
262 3247 399 3304 Heinsius
510 3255 562 3303 000
582 3265 686 3318 magna
705 3255 748 3301 cm
762 3250 817 3319 Ep.
832 3253 904 3306 221.
923 3265 1026 3316 magno
1045 3252 1112 3301 000
1134 3253 1183 3319 (in
1197 3259 1220 3305 1·

190 3335 224 3376 erc
238 3323 320 3387 corr.)
422 3323 475 3374 010
494 3318 559 3388 capi
577 3325 596 3372 0
710 3327 762 3374 013
783 3320 953 3387 Obsequitur
970 3320 1089 3389 Beauey
1107 3336 1131 3375 c.
1153 3325 1217 3380 edd.

193 3395 300 3445 reserat.
321 3419 354 3429 -
374 3404 457 3443 cursu
476 3391 560 3444 Blcss
668 3396 720 3445 018
739 3392 851 3445 hinnitu
870 3397 914 3442 001
928 3391 983 3460 Ep.
997 3395 1037 3446 22
1056 3388 1218 3449 immanil.

190 3459 371 3514 inmanirov
500 3466 552 3515 000
571 3460 745 3532 Exuperant]
764 3463 926 3531 Expuerant
938 3468 981 3514 1AE
998 3460 1184 3536 Expulerunt
1195 3471 1218 3518 v

189 3528 356 3599 Expaueant
375 3534 394 3582 0
465 3537 518 3586 000
536 3533 653 3586 sumatis
673 3537 715 3584 ov
734 3532 977 3589 0000000301οε
