2632 4014
410 225 627 283 PUNICORUM
640 227 749 283 LIBER
767 228 799 282 X„
1052 230 1116 295 231

111 387 295 457 Uibrabant
318 390 419 476 ignea
443 393 521 455 tunc
543 413 608 456 uox
633 391 734 455 effusa
758 413 816 474 per
839 413 948 456 auras:
1071 408 1124 458 365

111 477 188 546 ‘sai
210 500 338 565 magna,
361 500 380 544 o
404 479 541 565 iuuenis,
564 501 683 564 prensa
706 482 756 543 est
779 479 842 544 tibi
866 481 972 566 gloria
996 479 1130 547 Cannis.

112 567 196 634 Siste
220 569 372 654 gradum3
395 588 454 632 nee
478 571 565 632 enim
588 567 688 639 saeris
711 567 891 652 irrumpere
915 570 1026 655 muris,

114 657 231 741 Poene,
249 657 355 744 magis
375 655 515 741 dabitur,
532 659 679 722 nostrum
699 678 798 740 quam
817 657 961 722 scindere
981 657 1128 724 caelum?

115 747 304 812 Attonitum
326 744 406 810 uisis
429 746 616 829 maioraque
639 745 726 809 bella
749 749 924 829 pauentem

110 834 190 900 Post
213 834 361 901 confecta
384 831 488 917 Sopor
512 833 651 898 Iunonia
673 833 763 898 iussa
785 834 954 919 relinquit3
1073 851 1125 902 376

110 922 179 989 Ν66
202 924 259 988 lux
281 921 423 987 terribili
446 923 602 1008 purgauit
624 921 767 1009 imagine
792 927 946 988 mentem.

155 1011 244 1090 Quos
267 1012 352 1076 inter
375 1014 483 1075 motus
508 1010 615 1076 somni
637 1032 804 1096 uanosque
827 1013 988 1076 tumultus

110 1100 229 1165 Dedita
252 1122 310 1186 per
332 1102 460 1165 noctem
482 1099 608 1183 reliquo
632 1121 706 1164 eum
729 1100 834 1164 milite
858 1103 968 1165 castra

110 1188 250 1254 Nuntiat
273 1193 306 1253 et
324 1187 478 1272 praedam
501 1188 596 1272 pleno
620 1188 722 1253 trahit
745 1188 877 1275 agmine
900 1187 1010 1274 Mago.

109 1277 194 1343 Huic
218 1277 332 1342 ductor
355 1277 459 1341 laetas
483 1275 623 1361 Tarpeio
647 1277 769 1342 uertice
792 1298 921 1342 mensas
1070 1294 1123 1344 376

111 1363 300 1452 Spondenti,
324 1387 396 1430 oum
420 1364 534 1449 quinta
558 1365 643 1430 diem
665 1387 731 1430 nox
755 1366 833 1430 orbe
856 1365 997 1449 tulisset,

108 1454 231 1521 Oclatis
255 1475 409 1538 superum
432 1453 564 1518 monitis
588 1454 763 1538 clausoque
786 1475 917 1539 pauore,

108 1543 255 1609 Uulnera
278 1548 311 1631 et
333 1542 507 1607 exhaustas
532 1563 630 1608 saeuo
655 1542 829 1607 certamine
853 1542 943 1607 uires

108 1635 156 1698 Ae
180 1631 317 1696 nimium
340 1631 434 1696 laetis
458 1635 591 1696 excusat
614 1631 712 1696 fidere
734 1631 841 1696 rebus.

107 1721 191 1786 Tum
215 1742 271 1804 spe
294 1719 438 1785 deiectus
461 1720 597 1801 iuuenis,
620 1741 678 1784 ceu
701 1723 827 1784 uertere
852 1719 893 1784 ab
917 1719 999 1804 ipsis
1068 1737 1122 1786 386

107 1810 215 1896 Terga
236 1809 403 1874 iuberetur
426 1808 527 1873 muris
552 1830 589 1873 ac
613 1808 708 1892 signa
730 1808 864 1872 referre:

107 1897 237 1963 ‘Tanta
259 1895 365 1981 mole,'
390 1897 505 1981 inquit,
530 1896 612 1961 ‘non
634 1895 747 1980 Roma,
771 1901 807 1962 ut
830 1896 966 1962 credidit
988 1896 1071 1983 ipsa,

108 1986 171 2052 Sed
194 1986 302 2052 Uarro
327 1989 378 2049 est
400 1986 515 2050 uictus.
543 2006 703 2070 quaenam
726 1988 795 2050 tam
822 2007 979 2069 prospera
1001 1985 1121 2052 Martis

106 2075 244 2141 Munera
267 2073 417 2139 destituis
439 2073 509 2138 fato
532 2075 738 2158 patriamque
761 2075 925 2140 moraris?

107 2164 234 2229 Mecum
258 2162 381 2228 exultet
404 2184 515 2248 eques3
538 2164 609 2228 iuro
632 2163 695 2228 hoc
718 2168 824 2248 caput,
849 2164 957 2248 accipe
981 2185 1092 2230 muros

105 2252 224 2318 Iliacos
248 2254 425 2337 portasque
447 2251 510 2315 tibi
533 2252 601 2316 sine
625 2250 731 2316 Marte
754 2249 920 2337 patentis?
1072 2267 1126 2318 386

152 2341 302 2425 Dumque
325 2361 364 2405 ea
387 2338 486 2424 Mago
509 2339 620 2406 fremit
643 2344 739 2404 cauto
762 2362 829 2405 non
848 2339 972 2405 credita
997 2339 1104 2425 fratri,

106 2430 178 2495 Iam
201 2429 316 2494 Latius
339 2450 409 2493 sese
433 2427 596 2494 Canusina
617 2427 653 2492 in
675 2429 804 2493 moenia
827 2428 920 2492 miles
963 2444 967 2450 ·

106 2516 271 2604 Colligere
295 2521 328 2582 et
351 2515 507 2602 profugos
531 2517 639 2582 uicino
664 2516 794 2601 cingere
817 2515 906 2580 uallo

105 2605 276 2691 Coeperat.
297 2604 362 2669 heu
384 2606 481 2670 rebus
505 2605 603 2670 facies
626 2604 786 2668 inhonora
810 2603 967 2668 sinistrisl
1069 2621 1121 2672 330

104 2693 183 2760 Non
206 2693 343 2778 aquilae,
366 2715 432 2757 non
456 2693 551 2777 signa
573 2691 663 2776 uiris,
686 2713 752 2756 non
775 2692 918 2757 consulis
943 2692 1048 2758 altum

178 2891 230 2941 366
240 2903 291 2956 per
300 2889 431 2952 66766677,
440 2883 515 2938 unde
524 2881 614 2939 offusa
622 2899 681 2953 p.a.
693 2883 762 2938 coni.
773 2882 909 2938 Heinsius
946 2889 998 2940 366
1009 2883 1123 2940 suros

105 2972 248 3026 --pressa
262 2961 290 3025 0,
309 2957 382 3010 unde
396 2955 499 3024 pressis
514 2985 547 2996 -
562 2951 663 3009 Cannis
678 2953 813 3010 Heinsius
826 2955 909 3024 parta
924 2954 1123 3013 Drakenborch

107 3034 161 3083 367
180 3042 232 3081 nec
250 3027 324 3082 enim
342 3031 404 3079 670
423 3041 512 3094 neque
531 3027 606 3080 enim
624 3030 647 3077 7
719 3030 771 3080 368
791 3026 924 3080 scandere
941 3025 1119 3084 Carantonus

105 3097 268 3154 exscindere
286 3097 421 3152 Heinsius
498 3103 549 3152 677
569 3096 693 3152 monitus
712 3097 803 3150 somni
819 3096 930 3152 Gronov
943 3103 968 3152 et
982 3097 1120 3154 Heinsius

104 3172 199 3224 motus
213 3168 300 3223 animi
314 3167 656 3237 Burmann-uariosque
672 3173 690 3221 0
735 3171 787 3222 375
801 3166 874 3221 Huic
888 3173 932 3220 77
952 3168 1025 3224 Hinc
1035 3174 1076 3222 Lo
1088 3201 1122 3212 -

104 3239 227 3310 Tarpeio
237 3239 344 3295 uertice
354 3244 417 3292 chv
425 3238 610 3310 tarpeisinu.
624 3239 803 3308 Ltsrpeioin
813 3257 839 3293 n.
854 3243 895 3292 70
947 3246 999 3294 376
1008 3239 1118 3294 diesov

104 3317 158 3366 378
178 3311 328 3367 exhaustas
348 3315 390 3364 07
414 3310 636 3366 conohsustasL
664 3311 833 3376 6667766667
919 3315 971 3365 879
990 3309 1045 3382 Ac]
1060 3311 1120 3367 Neo

104 3383 191 3438 Bioss
263 3387 314 3436 382
333 3384 366 3437 ut
384 3380 504 3438 eredidit
521 3380 584 3451 ipsa
603 3381 738 3436 Heinsius
757 3382 789 3434 ut
807 3379 940 3450 credidit,
958 3381 1021 3450 ipss
1035 3383 1118 3454 uuipo

103 3459 159 3508 388
187 3469 306 3522 qaenam
325 3459 351 3518 8,
378 3455 451 3509 ende
475 3469 615 3521 quaenam
642 3454 699 3506 inm
726 3452 859 3519 Lesebure
888 3469 1011 3520 quonam
1035 3454 1121 3524 incipe

104 3530 160 3650 Ψ
178 3523 347 3580 destituis0
371 3524 495 3580 distituis
513 3529 577 3576 IAEV
650 3530 702 3578 387
721 3526 838 3578 tantoo
912 3528 964 3578 889
983 3523 1119 3596 profugus

139 3612 243 3652 eruaris
