2632 4014
184 201 250 266 218
585 199 653 254 SILI
671 198 807 254 ITALICI

185 364 341 430 Pulsatur
363 361 468 450 galea,
490 367 524 428 et
547 362 737 447 quatiuntur
760 362 903 427 consulis
927 383 1030 448 arma3

185 452 302 518 Acrius
325 453 387 518 hoc
409 451 532 524 Paulus
556 451 680 516 medios
703 451 769 516 ruit
791 472 887 535 asper
909 449 944 514 in
966 450 1081 516 hostis.

231 542 314 606 Tum
337 563 425 620 uero,
449 562 600 605 excussus
625 544 776 624 mentem,
799 539 833 604 in
857 539 1036 605 certamina
1057 539 1164 604 Paulo

187 628 272 695 Auia
295 629 435 713 diducto,
459 629 620 694 conuertit
642 627 748 694 Uarro
773 649 935 713 manuque
1152 640 1207 694 645

184 716 401 804 Cornipedem
419 717 599 782 inflectens:
625 715 731 796 ‘Das'
753 717 869 802 inquit,
892 716 1026 801 ‘patria
1048 737 1185 800 poenas,

187 807 288 891 Quae,
309 806 412 872 Fabio
435 805 599 890 incolumi,
622 805 804 872 Uarronem
827 807 868 870 cd
892 806 979 870 bella
1001 805 1137 872 uocasti.

187 894 355 972 Quaenam
379 899 488 960 autem
511 895 632 960 mentis
656 895 707 960 uel
732 917 815 982 quae
839 895 999 959 discordia
1021 894 1104 958 fati?

186 983 427 1068 Parcarumque
451 985 557 1048 latens
581 983 670 1048 fraus
695 984 767 1048 eat?
792 984 984 1068 abrumpere
1007 987 1124 1048 cuncta

185 1073 379 1138 Iamdudum
402 1095 475 1139 cum
498 1074 569 1138 lnce
593 1073 683 1137 libet.
706 1071 763 1136 sed
785 1071 973 1157 comprimit
995 1093 1106 1136 ensem
1151 1087 1207 1138 650

188 1161 308 1228 Nescio
333 1162 388 1246 qui
412 1161 490 1226 deus
513 1165 546 1226 et
569 1183 673 1226 meme
697 1161 738 1226 ad
761 1161 915 1246 grauiora
937 1165 1092 1225 reseruat.

188 1249 374 1316 Uiuamne?
398 1253 431 1314 et
452 1250 575 1315 fractos
599 1271 794 1334 sparsosque
817 1270 929 1314 cruore
953 1271 1101 1314 meorum

188 1337 259 1404 Hos
283 1338 422 1404 referam
445 1339 566 1424 populo
590 1338 718 1404 fasces?
742 1341 840 1422 atque
865 1360 923 1403 ora
945 1359 1004 1422 per
1026 1337 1123 1404 urbes
1192 1373 1199 1383 .

192 1427 298 1493 Iratas
324 1427 499 1512 spectanda
522 1428 625 1493 dabo?
649 1431 691 1512 et,
715 1449 777 1512 quo
802 1427 931 1492 saeuius
954 1429 1024 1512 ipse

188 1515 356 1582 Hannibal
370 1517 458 1582 haud
473 1521 594 1600 poscat,
609 1515 735 1602 fugiam
750 1520 783 1580 et
797 1515 963 1600 te,Roma‚
978 1513 1135 1580 uidebo?'
1152 1530 1207 1582 655

190 1603 289 1670 Plura
311 1605 534 1690 indignantem
556 1605 630 1669 telis
653 1605 862 1689 propioribus
885 1605 997 1669 hostes

186 1692 302 1779 Egere,
326 1699 359 1759 et
383 1693 512 1778 sonipes
536 1693 647 1778 rapuit
670 1694 798 1760 laxatus
822 1693 976 1758 habenas.

529 2111 850 2185 SILIITALIOI

389 2277 495 2358 PU
530 2275 629 2360 NI
667 2277 699 2359 Ο
737 2277 847 2362 ΟΒ
878 2279 921 2360 U
956 2278 1004 2360 M

544 2449 654 2504 LIBER
673 2449 842 2506 DECIMUS.

110 2681 112 2686 .
182 2629 314 2711 Paulus,
336 2633 374 2694 ut
397 2629 567 2694 aduersam
590 2629 680 2694 uidet
702 2630 939 2696 increbrescere
962 2651 1116 2718 pugnam,

186 2715 254 2782 Ceu
275 2718 356 2802 fera,
381 2740 473 2803 quae,
495 2719 571 2784 telis
596 2719 932 2805 circumcingentibus,
955 2721 1040 2784 ultro

185 2807 305 2872 Assilit
328 2809 362 2871 in
383 2807 507 2872 ferrum
530 2811 564 2872 et
585 2829 644 2893 per
665 2809 802 2872 uulnera
825 2808 953 2894 colligit
976 2809 1116 2893 hostem,

184 2895 223 2960 In
246 2896 369 2960 medios
392 2895 458 2960 fert
481 2919 572 2962 arma
595 2897 711 2980 globos
735 2918 868 2980 seseque
891 2897 1022 2981 periclis

184 2983 311 3070 Ingerit
334 2989 431 3069 atque
455 2985 543 3049 omni
566 2985 667 3049 letum
690 2985 825 3050 molitur
848 2985 888 3051 ab
914 3007 998 3052 ense.
1186 3003 1203 3053 5

189 3072 341 3158 Increpat
363 3073 576 3139 horrendum:
601 3072 765 3138 ‘Perstate
789 3077 822 3138 et
845 3074 982 3159 fortiter,
1006 3096 1074 3159 oro,

184 3160 376 3254 Pectoribus
400 3162 522 3227 ferrum
546 3162 681 3247 accipite
705 3185 743 3228 ac
767 3161 835 3227 sine
858 3163 992 3228 uulnere
1015 3167 1110 3250 terga

257 3359 309 3409 645
328 3353 444 3409 diducto
463 3359 500 3407 ch
527 3354 649 3410 deducto
670 3359 688 3407 0
817 3359 867 3408 651
887 3353 989 3410 Nescio
1009 3354 1059 3424 qui
1076 3355 1145 3410 deus
1165 3361 1205 3410 oh

187 3424 291 3481 Nescio
310 3425 452 3495 quidone
471 3428 532 3480 est?
546 3442 627 3480 mene
645 3425 733 3480 Bolbe
810 3431 861 3480 cst
879 3425 975 3495 rapuit
990 3431 1033 3479 ov
1051 3425 1199 3496 rapiattr

185 3501 200 3549 1
219 3496 407 3552 increbescere
427 3501 446 3548 0
527 3502 543 3550 2
563 3495 846 3566 circumfulgentibus
866 3495 1002 3554 Solacdcr
1101 3503 1118 3553 8
1138 3515 1201 3554 cor·

183 3567 253 3637 ripit
270 3567 405 3624 Scluadcr
