2596 4010
185 175 250 256 146*
586 185 656 242 sn1
674 183 807 240 namur

185 351 310 417 Lentus
332 349 493 415 harenoso
517 348 692 432 spumabat
714 345 868 434 Bagrada
891 369 1005 430 campo

183 440 327 524 Uiperea
349 437 450 523 sanie,
472 437 653 522 turmisque
677 436 877 501 minantibus
895 436 984 501 ultro

183 528 357 613 Pugnabat
379 547 512 610 serpens
536 529 569 590 et
592 545 665 590 cum
689 524 769 590 duce
792 524 881 589 bella
903 524 1047 609 gerebat.

184 615 321 683 Necnon
344 615 525 698 proiectum
548 613 650 699 puppi
672 613 859 698 frustraque
882 616 1056 678 uocantem
1162 631 1216 682 660

184 703 329 771 Numina
352 703 563 788 Amyclaeum
586 703 756 788 mergebat
778 701 903 788 perfida
923 704 1027 786 ponto

183 794 359 860 Rectorem
381 813 506 876 manus,
529 795 562 856 et
584 791 671 856 ieras
693 791 766 876 tibi,
788 790 923 876 Regula,
945 811 1071 876 poenas

183 881 392 966 Xanthippus
416 879 507 965 digni
529 880 694 964 pendebat
715 879 751 944 in
773 900 913 964 aequore
936 879 1004 944 leti.

184 971 387 1036 Addiderant
410 969 555 1054 geminas
579 968 685 1034 medio
710 988 905 1054 consurgere
927 967 1028 1032 fluctu

184 1060 340 1145 Aegatis5
362 1058 487 1123 lacerae
510 1057 632 1122 circum
654 1057 840 1143 fragmenta
863 1056 989 1121 uideres
1161 1074 1214 1124 666
1284 1123 1285 1146 p

185 1146 307 1215 Classis
331 1149 364 1210 et
386 1145 505 1210 effusos
528 1145 658 1210 fluitare
680 1145 715 1210 in
739 1145 869 1232 gurgite
892 1144 1028 1209 Poenos.

183 1237 358 1303 Possessor
380 1234 490 1320 pelagi
511 1255 679 1320 pronaque
701 1233 854 1299 Lutatius
878 1255 958 1300 aura
1284 1255 1285 1312 1

187 1323 347 1412 Captiuas
362 1323 483 1409 puppis
507 1323 549 1388 ad
572 1322 671 1389 litora
693 1322 800 1388 uictor
823 1322 951 1406 agebat.

184 1413 274 1480 Haec
297 1413 384 1478 inter
406 1412 517 1478 iuncto
540 1411 698 1496 religatus
721 1411 891 1476 inordina
914 1409 1096 1496 Hamilcar,
1284 1485 1285 1488 Ἴ

184 1502 339 1570 Ductoris
363 1501 502 1586 genitor,
525 1505 712 1565 cunctarum
737 1501 778 1564 ab
802 1498 946 1586 imagine
969 1520 1083 1566 rerum
1157 1519 1212 1569 cao
1284 1499 1285 1518 ¹

184 1591 299 1658 Totius
322 1589 356 1654 in
380 1609 450 1653 sese
473 1588 566 1674 uulgi
589 1591 796 1654 conuerterat
819 1610 885 1653 ora.
1284 1589 1285 1596 ’

185 1679 249 1746 Sed
270 1677 365 1744 Pacis
384 1676 501 1742 faciem
524 1681 557 1741 et
578 1677 722 1761 pollutas
745 1676 884 1742 foederis
909 1697 981 1742 aras

183 1768 429 1851 Deceptumqne
452 1764 565 1830 Iouem
588 1787 625 1830 ac
649 1765 800 1831 dictantis
822 1765 895 1830 iura
916 1763 1054 1830 Latinos

185 1853 324 1922 Cernere
348 1857 427 1918 erat
450 1855 582 1919 strictas
606 1854 735 1938 trepida
757 1855 881 1920 ceruice
905 1853 1025 1918 ssecuri

184 1944 352 2010 Horrebat
375 1940 486 2026 Libys,
510 1964 548 2008 ac
571 1942 754 2008 summissis
778 1941 891 2008 ordine
913 1941 1031 2026 palmis
1155 1961 1211 2011 606

185 2033 325 2098 Orantes
348 2029 477 2095 ueniam
500 2031 653 2096 iurabant
675 2030 770 2096 irrita
792 2033 896 2114 pacta.

184 2122 276 2190 Haec
297 2117 405 2204 Eryce
428 2141 446 2183 e
469 2141 595 2188 summo
620 2120 789 2204 spectabat
811 2119 900 2184 laeta
922 2117 1037 2183 Dione.
1145 2115 1154 2126 '

230 2209 320 2285 Quae
341 2205 657 2293 postquam'infesto
681 2209 864 2292 percensuit
886 2206 997 2272 omnia
1018 2206 1119 2274 uultu

185 2297 342 2365 Arridens
364 2295 503 2381 Pcenus,
525 2297 617 2362 lenta
638 2297 821 2381 proclamat
843 2295 885 2362 ab
908 2295 971 2360 ira:

186 2387 280 2454 ‘Non
302 2385 426 2450 leuiora
449 2383 543 2450 dabis
564 2385 687 2450 nostris
711 2385 887 2450 inscribere
909 2383 1004 2449 tectis
1154 2404 1211 2453 ⁷00

186 2476 270 2543 Acta
293 2496 384 2540 meae
408 2474 553 2539 dextrae:
576 2477 716 2558 captam,
739 2472 916 2558 Carthag0‚
940 2471 1127 2554 Saguntum

185 2563 237 2630 Da
260 2567 415 2648 spectare,
438 2561 535 2628 simul
557 2562 689 2628 flamma
711 2561 862 2648 ferroque
885 2563 1042 2644 ruentem,

185 2652 376 2718 Perfudiant
399 2655 508 2736 patres
530 2655 683 2720 natorum
707 2651 866 2735 membra;
888 2671 947 2715 nec
970 2648 1071 2732 Alpes

257 2847 309 2898 678
328 2841 415 2914 ultro]
433 2840 540 2896 umbris
558 2849 579 2896 1¹
598 2858 666 2898 corr.
681 2859 715 2896 m.
731 2846 747 2896 1
761 2842 794 2897 in
811 2840 935 2897 ultro-
957 2841 1032 2896 ultor
1050 2839 1212 2900 Liuineius

185 2919 211 2972 et
229 2913 364 2971 Heinsius
425 2919 476 2968 682
496 2912 645 2968 Rectorem
663 2919 708 2966 tm
720 2912 776 2983 Ep.
791 2917 830 2968 68
883 2917 935 2968 666
954 2927 1076 2982 aequore
1091 2917 1138 2966 cm
1152 2915 1174 2970 i.
1190 2917 1208 2970 l.

187 2989 240 3040 686
259 2983 363 3038 affusus
382 2983 519 3039 Heinsius
627 2989 679 3038 689
697 2986 738 3038 sic
755 2999 851 3039 666666
863 2989 939 3038 catat
956 2985 989 3038 in
1007 2988 1032 3047 6,
1051 2984 1110 3038 nisi
1128 2987 1208 3054 qued
1284 3031 1285 3038 ,

185 3057 219 3110 in
237 3059 256 3108 0
275 3055 385 3108 iunctos
403 3071 437 3109 m.
457 3061 473 3109 1
493 3071 562 3110 corr.
581 3056 614 3110 in
632 3054 728 3108 iuncto
748 3085 782 3096 -
801 3053 893 3110 uictos
912 3059 948 3110 ch
972 3054 1069 3108 iuncto
1087 3053 1207 3124 legatus

185 3127 204 3183 i.
225 3143 250 3180 6.
269 3125 305 3179 Η.
325 3127 441 3180 Marsus
468 3125 521 3180 Hic
539 3124 613 3181 inter
630 3124 722 3181 uictos
740 3126 790 3181 rel.
809 3125 828 3180 i.
848 3141 873 3180 ο,
884 3125 917 3179 Η.
942 3123 1123 3194 Dauspueius
1141 3125 1207 3181 Hoc

184 3197 259 3254 inter
276 3196 368 3250 uictos
382 3196 432 3249 rel.
446 3194 465 3252 i.
480 3211 505 3252 0.
520 3196 554 3250 H.
568 3196 704 3252 Heinsius
722 3196 798 3250 Haec
816 3195 890 3250 inter
912 3194 1022 3251 cinctus
1040 3193 1206 3265 legatorum

185 3266 282 3324 ordine
306 3267 340 3323 H.
368 3267 414 3321 uel
439 3264 552 3322 iunctus
575 3299 610 3309 -
641 3266 738 3323 ordine
761 3266 882 3337 Ruperti
904 3265 965 3320 Hac
987 3265 1063 3321 inter
1087 3265 1206 3322 uinctos

185 3331 1206 3478 11866666666606666666

186 3485 238 3535 699
258 3479 359 3534 cuncta
376 3478 477 3533 harum
494 3478 582 3534 Bothe
599 3477 760 3534 iunctarum
779 3478 914 3536 Heinsius
986 3483 1037 3534 692
1051 3477 1136 3534 Pacis
1147 3496 1207 3550 pru

184 3547 263 3620 pacis
281 3565 331 3604 scr.
350 3548 470 3618 Ruperti
