2596 4010
183 181 225 245 74
581 180 649 235 SILI
667 179 798 236 ITALIOI

182 341 399 428 Cornipedem
421 343 456 408 in
479 364 577 428 gyros
602 364 743 428 saxoque
768 347 940 429 exasperat
963 365 1084 410 ensem.

181 431 250 497 Neo
274 453 351 497 uero
376 433 486 517 muris,
511 433 627 515 quibus
652 436 702 496 est
724 432 848 497 luctata
870 436 1029 518 uetustas,
1165 450 1204 500 20

181 519 279 585 Ferre
303 524 473 586 morantur
497 542 604 604 opem;
628 522 822 586 subuectant
846 543 925 586 saxa
948 544 1110 606 cauasque

181 608 374 674 Retraotaut
397 609 504 693 turris,
527 609 594 674 edit
617 631 697 693 quas
720 610 851 696 longior
875 615 974 676 aetas.

180 697 267 762 Hinc
290 698 357 762 tela
380 698 542 782 accipiunt
566 720 666 783 arces,
690 720 727 763 ac
750 700 868 764 robora
890 700 996 784 portis

181 785 226 851 Et
248 787 330 852 fidos
354 791 481 852 certant
504 786 612 853 obices
636 808 799 852 accersere
823 787 914 870 silua,

181 872 390 940 Circumdant
412 876 527 940 fossas.
551 876 637 940 haud
662 876 770 961 segnis
794 880 910 941 cuncta
928 876 1086 961 magister
1163 891 1197 941 25

180 962 378 1049 Praecipitat
400 964 508 1044 timor,
532 985 569 1029 ac
592 963 696 1028 uastis
719 963 901 1046 trepidatur
923 964 958 1028 in
980 964 1077 1049 agris.

180 1049 359 1117 Deseruere
382 1054 498 1136 larem3
516 1055 651 1137 portant
674 1052 853 1117 ceruicibus
878 1073 992 1137 aegras

180 1139 325 1205 Attoniti
348 1145 469 1206 matres
492 1141 701 1224 ducentisque
725 1141 842 1206 ultima
864 1141 920 1206 fila

182 1227 390 1296 Grandaeuos
414 1251 549 1314 rapuere
574 1251 680 1314 senes3
702 1233 773 1293 tum
797 1230 884 1294 crine
908 1230 1016 1294 soluto

183 1315 270 1382 Ante
294 1319 403 1405 agitur
426 1319 550 1402 coniux,
573 1319 687 1382 dextra
710 1318 868 1402 laeuaque
891 1318 1065 1382 trahuntur
1161 1333 1197 1383 30
1258 1363 1261 1368 -

179 1404 287 1490 Parui,
310 1429 377 1472 non
401 1429 504 1492 aequo
528 1406 723 1472 comitantes
747 1406 868 1489 ordine,
891 1408 971 1471 nati.

183 1491 237 1559 Sic
260 1497 392 1581 uulgus3
416 1495 613 1579 traduntque
637 1497 753 1578 metus,
775 1516 835 1560 nec
857 1495 1004 1579 poscitur
1028 1497 1152 1560 auctor.

178 1579 225 1646 At
246 1587 367 1666 patres,
390 1604 585 1668 quamquam
608 1586 774 1648 exterrent
795 1584 950 1648 immania
973 1588 1088 1667 coepta

178 1669 281 1753 Inque
305 1672 378 1736 sinu
400 1673 533 1753 bellum,
556 1676 653 1756 atque
676 1672 779 1756 Alpes
803 1677 836 1738 et
857 1673 970 1758 peruia
992 1694 1070 1736 saxa

179 1757 353 1843 Decepere,
375 1764 485 1824 tamen
509 1759 643 1825 crudam
666 1769 779 1825 contra
802 1783 917 1845 aspera
940 1764 1083 1826 mentem
1159 1775 1194 1826 ³5

180 1845 225 1912 Et
248 1868 385 1932 magnos
409 1849 530 1913 tollunt
554 1849 689 1913 animos.
713 1850 806 1914 iuuat
828 1850 876 1915 ire
899 1850 1031 1934 periclis

179 1933 233 1999 Ad
256 1935 351 2000 decus
376 1940 408 2000 et
431 1937 544 2001 dextra
566 1937 813 2002 memorandum
837 1939 973 2004 condere
995 1959 1126 2022 nomen,

179 2022 281 2098 Quale
305 2024 393 2088 dedit
414 2047 592 2109 numquam
614 2026 711 2090 rebus
734 2025 883 2092 Fortuna
906 2027 1062 2092 secundis.

225 2110 287 2176 Sed
310 2111 434 2196 Libyae
457 2114 571 2178 ductor
593 2117 666 2178 tuto
689 2115 780 2179 fouet
799 2115 930 2200 agmina
952 2116 1049 2194 uallo,

178 2199 280 2265 Fessa
304 2203 441 2286 gradum
465 2202 634 2286 multoque
658 2203 735 2288 gelu
757 2205 924 2287 torpentia
946 2226 1078 2289 neruos3
1157 2221 1192 2270 40

180 2287 376 2374 Solandique
401 2311 503 2376 genus
529 2326 567 2336 -
592 2291 688 2355 laetis
712 2294 858 2356 ostentat
881 2291 921 2356 ad
944 2292 1058 2357 urbem

176 2375 240 2441 Per
263 2400 394 2464 campos
419 2401 585 2463 superesse
607 2380 707 2462 uiam,
729 2380 933 2465 Romamque
957 2382 1017 2446 sub
1040 2382 1117 2447 ictu.

179 2467 223 2530 At
245 2489 310 2532 non
335 2471 368 2532 et
391 2489 500 2533 rerum
523 2489 616 2534 curas
640 2469 853 2553 consultaque
876 2470 955 2534 belli

178 2553 272 2620 Stare
296 2557 414 2640 probat
438 2557 590 2642 solusque
613 2557 727 2640 nequit
749 2557 891 2640 perferre
915 2558 1065 2642 quietem.

176 2645 358 2709 Armiferae
381 2646 545 2729 quondam
567 2645 675 2730 prisca
697 2645 784 2710 inter
805 2649 954 2729 tempora
977 2651 1091 2731 gentes
1157 2664 1194 2714 45

176 2729 358 2798 Ausonium
381 2734 529 2799 inuasere
551 2735 639 2799 latus
663 2734 818 2818 sedesque
841 2735 954 2800 beatas

177 2819 223 2884 Et
247 2823 348 2885 metui
370 2844 524 2907 peperere
548 2844 653 2886 manu.
678 2844 753 2887 mox
776 2823 877 2906 impia
900 2824 985 2888 bella

178 2907 335 2993 Tarpeius
358 2915 452 2994 pater
475 2915 508 2975 et
527 2911 614 2995 capti
637 2932 766 2975 sensere
789 2909 940 2986 Quirites.

178 2995 243 3061 Hic
267 2997 344 3062 dum
368 2998 525 3062 sollicitat
548 2999 641 3064 donis
666 3003 698 3063 et
720 2999 830 3064 inania
852 3001 949 3065 corda

176 3084 226 3148 Ac
249 3085 370 3150 fluxam
394 3108 521 3152 morum
546 3091 677 3172 gentem
701 3087 792 3152 fouet
815 3110 966 3172 armaque
989 3088 1106 3174 iungit,
1157 3108 1193 3156 50

247 3265 280 3314 23
301 3261 330 3314 et
348 3264 391 3312 ov
477 3267 512 3315 24
530 3259 572 3316 Ao
591 3261 740 3317 Liuineius
821 3266 855 3315 26
875 3262 950 3330 agris
969 3266 1053 3314 char
1077 3263 1153 3317 aruis
1168 3269 1193 3316 v

175 3330 261 3385 armis
276 3335 295 3384 0
313 3331 359 3396 (T.
369 3349 400 3400 p.
416 3333 487 3398 225)
587 3338 620 3386 32
641 3333 687 3387 Sic
705 3332 824 3402 uulgant
841 3334 1012 3402 traduntque
1030 3349 1088 3387 oua
1110 3333 1194 3402 Veea,

175 3403 270 3469 sedes.
291 3402 357 3457 VII.
373 3407 426 3457 511
522 3408 555 3456 35
575 3401 717 3472 Deeepere
731 3409 775 3456 cm
789 3404 845 3473 Ep.
860 3407 898 3458 66
995 3408 1031 3457 40
1049 3403 1141 3472 gradu
1155 3411 1195 3458 ch

175 3477 210 3526 45
238 3473 391 3544 quondam]
431 3474 572 3527 Senonum
602 3473 757 3543 Schrader,
785 3475 858 3544 qaod
885 3475 965 3544 prob.
996 3474 1203 3532 Schlictteisen‘

174 3549 209 3598 49
228 3544 286 3599 Has
304 3543 497 3600 Sctla'ehteiseo
