2596 4010
132 135 134 140 ’
198 142 242 207 96
603 137 824 195 sln11rna101

200 304 263 369 Ter
287 308 386 388 caput
408 303 593 368 ambustum
617 305 788 368 conantem
812 302 961 367 attollere
983 301 1071 366 iacta

200 392 365 476 Lampade
388 391 556 457 Uulcanus
579 391 694 456 mersit
715 390 918 477 fumantibus
941 389 1046 472 undis,

201 481 265 546 Ter
289 484 439 565 correpta
462 479 513 544 dei
536 480 641 545 crines
663 479 801 546 nudauit
824 479 980 544 harundo.
1170 495 1226 544 695

200 569 285 634 Tum
308 570 437 634 demum
460 569 620 634 admissae
642 590 740 633 uoces
764 573 798 633 et
820 571 899 633 nota
921 567 1097 652 precantis,

201 657 380 742 Orantique
404 659 515 722 datum
538 658 627 742 ripas
651 679 782 722 seruare
805 656 933 741 prioris.

201 747 251 812 Ao
274 747 406 811 tandem
430 770 449 812 a
472 746 590 811 Trebia
612 746 780 812 reuocauit
804 743 912 828 Scipio
935 744 1040 810 fessas

204 835 367 900 Munitum
390 836 424 900 in
447 835 575 919 collem,
599 834 744 900 Graccho
769 835 955 918 eomitante,
979 833 1142 900 cohortes.

203 924 249 988 At
273 924 411 1010 Poenus,
434 924 539 990 multo
562 923 698 988 fluuium
721 926 894 989 ueneratus
916 922 1050 1008 honore,
1171 939 1225 988 700

204 1012 396 1078 Gramineas
419 1013 512 1078 undis
537 1011 653 1076 statuit
676 1011 851 1076 socialibus
876 1033 958 1094 aras,

203 1100 341 1166 Nescius
364 1102 442 1179 heu,
466 1103 587 1184 quanto
612 1101 721 1186 superi
744 1101 869 1165 maiora
892 1103 1070 1184 mouerent,

202 1190 248 1254 nt
271 1212 351 1274 quos
374 1188 539 1254 Ausoniae
561 1190 678 1273 luctus,
700 1189 954 1272 Thrasymenne,
976 1209 1120 1272 parares.

249 1277 404 1343 Boiorum
427 1301 530 1362 nuper
552 1277 692 1363 populos
716 1278 907 1343 turbauerat
931 1277 1030 1342 armis

203 1365 395 1452 Flaminino,
417 1366 588 1452 facilisque
611 1366 682 1432 uiro
705 1371 777 1432 tum
800 1366 906 1452 gloria
928 1365 1015 1449 belli,
1170 1379 1224 1432 703

207 1454 310 1520 Corde
333 1456 440 1520 leuem
464 1459 561 1538 atque
585 1459 675 1520 astus
698 1455 830 1540 inopem
858 1454 1054 1520 contundere
1078 1457 1227 1540 gentem.

205 1542 270 1608 Sed
292 1544 386 1609 labor
408 1544 494 1608 haud
517 1545 602 1608 idem
626 1543 725 1627 Tyrio
749 1547 889 1608 certasse
912 1547 1062 1628 tyranno,

205 1631 311 1710 Hunc,
334 1632 437 1697 laeuis
461 1632 534 1696 urbi
558 1632 705 1717 genitum
728 1632 769 1697 ad
792 1631 909 1696 fatalia
932 1631 1051 1696 damna

207 1719 388 1804 Ominibus,
411 1725 507 1803 parat
528 1720 665 1804 imperio
690 1719 840 1785 Saturnia
863 1719 950 1785 fesso

207 1807 387 1874 Ductorem
410 1808 607 1894 dignumque
630 1809 737 1874 uirum
759 1809 909 1874 ueniente
932 1808 1036 1874 ruina.
1173 1825 1228 1875 710

208 1896 287 1961 Inde
311 1897 368 1962 ubi
390 1897 496 1982 prima
520 1897 587 1962 dies
609 1897 700 1982 iuris,
724 1898 916 1982 clauumque
939 1896 1099 1981 regendae

206 1985 333 2050 Inuasit
356 1985 492 2071 patriae,
516 2008 553 2050 ae
578 1986 637 2050 sub
660 1989 743 2051 nutu
767 1989 874 2051 eastra
896 1985 996 2071 fuere,

206 2073 254 2138 Ut
277 2074 386 2159 pelagi
408 2075 498 2139 rudis
522 2078 555 2139 et
578 2077 714 2157 pontum
737 2079 880 2140 tractare
903 2096 961 2159 per
984 2077 1090 2140 artem

207 2161 354 2248 Nescius,
378 2162 501 2246 accepit
524 2163 662 2227 miserae
687 2163 715 2228 si
738 2163 810 2228 iura
833 2163 971 2249 carinae,

206 2249 389 2316 Uentornm
413 2255 503 2316 tenet
525 2251 596 2336 ipse
619 2252 722 2316 uicem
746 2253 934 2336 cunctisque
957 2250 1108 2335 procellis
1173 2268 1228 2318 715

207 2339 274 2405 Dat
296 2340 418 2405 iactare
441 2343 560 2404 ratem:
582 2338 686 2404 fertur
709 2361 795 2426 uaga
819 2341 948 2426 gurgite
971 2340 1100 2425 puppis,

209 2429 316 2511 Ipsius
339 2429 374 2492 in
398 2429 548 2512 scopulos
572 2428 684 2492 dextra
707 2429 896 2515 impellente
920 2427 1080 2512 magistri.

209 2517 298 2602 Ergo
323 2518 431 2604 agitur
454 2517 558 2601 raptis
581 2538 736 2601 praeceps
760 2519 919 2582 exercitus
944 2517 1043 2582 armis

208 2606 373 2691 Lydorum
396 2607 429 2670 in
453 2605 592 2689 populos
616 2605 788 2689 sedemque
812 2607 853 2670 ab
877 2605 1002 2690 origine
1025 2605 1125 2690 prisci

212 2693 382 2760 Sacratam
406 2693 544 2778 Corythi
567 2695 758 2778 iunctosque
782 2717 801 2758 a
826 2695 982 2778 sanguine
1005 2715 1142 2758 auorum
1176 2711 1231 2760 720

208 2781 377 2849 Maeonios
400 2782 494 2848 Italis
517 2782 677 2867 permixta
700 2783 800 2867 stirpe
824 2782 966 2850 colonos·

255 2871 324 2938 Nec
347 2891 458 2956 regem
482 2871 638 2936 Afrorum
659 2871 823 2936 noscenda
847 2871 888 2935 ad
912 2874 1027 2956 coepta
1049 2875 1203 2937 moratur

283 3086 334 3137 693
353 3082 464 3134 iactus
573 3087 623 3136 696
643 3080 795 3135 undauits
903 3087 955 3136 696
974 3079 1116 3135 admissae
1136 3087 1175 3134 cn
1194 3113 1230 3122 —

213 3153 331 3207 amissae
345 3152 419 3206 uires
438 3152 522 3222 culpo
542 3182 574 3191 —
589 3153 658 3207 uota
675 3152 786 3208 Gronov
800 3167 870 3206 uoce
885 3157 901 3204 s
974 3157 1025 3207 698
1046 3151 1091 3206 Sic
1109 3153 1230 3208 tandem

217 3223 328 3289 Withof
400 3227 451 3277 700
470 3225 508 3276 At
526 3225 549 3272 V
572 3224 613 3277 Ac
631 3228 692 3276 nro
770 3227 820 3277 701
842 3223 943 3278 statuit
961 3229 1043 3276 0th
1066 3223 1171 3279 strauit
1186 3229 1231 3277 07

212 3299 263 3350 705
283 3293 350 3348 dum
369 3298 405 3346 ch
477 3299 526 3348 711
546 3293 613 3348 iuris
631 3300 676 3348 FV
694 3293 761 3349 uiris
777 3299 817 3346 Lo
896 3300 947 3350 712
967 3312 1000 3349 ac
1015 3300 1050 3347 cd
1063 3294 1147 3364 (sltp.
1159 3301 1231 3362 215)

212 3369 276 3420 ets
374 3369 424 3420 719
443 3364 472 3418 in
491 3371 574 3420 oras
684 3371 735 3421 722
754 3365 896 3421 noscenda
914 3367 954 3420 ed.
974 3366 1064 3421 Bastl.
1079 3369 1161 3422 1522
1180 3383 1230 3420 na-

212 3437 347 3492 scendas
365 3437 507 3506 pascenda
526 3436 660 3492 Heinsius
677 3453 795 3506 poscens
814 3436 850 3491 ad
869 3454 892 3491 o.
911 3437 999 3493 Bothe
1017 3437 1087 3492 haec
1106 3453 1229 3494 noscens

184 3515 185 3518 ’
213 3508 294 3563 Tlu'to
312 3505 457 3578 pensanda
474 3508 558 3564 Blasa
576 3507 706 3564 nouanda
722 3507 877 3564 Bucbwatd
