2632 4016
194 142 236 205 12
595 139 665 194 SlLI
683 138 817 194 ITALICI

193 303 395 370 Permissum
418 303 525 368 uentis
549 302 720 368 abscondit
742 301 777 366 in
800 302 1008 386 aire'telum,

192 392 257 457 Hic
279 393 390 457 ualido
414 393 513 456 librat
536 391 707 456 stridentia
731 412 809 454 saxa
828 391 961 475 lacerto,

193 481 280 546 Huic
303 481 446 566 impulsa
469 480 571 544 lenit
557 483 729 633 torquetur
751 479 864 543 lancea
886 479 1023 580 nodo..

192 573 289 722 Nuim
312 657 404 741 picea
427 657 530 722 iactat
548 573 680 722 fumint
682 678 734 720 em
757 655 910 739 lampada
933 567 1076 740 flamina,
1159 673 1221 722 320

192 745 287 812 Nunc
311 746 399 828 sude,
420 767 506 810 nunc
528 746 644 824 iaculo,
668 765 753 810 nunc
777 745 864 809 saxis
887 744 1027 897 impiger
1049 745 1136 810 mst
1137 747 1152 809 t

195 834 264 899 Aut
286 834 391 918 hydro
415 835 568 918 imbutas,
591 835 642 899 bis
665 832 764 898 noxia
786 834 863 916 tela,
887 833 973 916 sagit
974 839 1026 897 tas

193 920 278 988 (lent
264 923 368 988 tendit
389 945 490 987 neruo
514 926 611 1007 atque
634 922 772 986 insultat
723 921 909 986 tfraude
932 916 1050 1024 pharet
1050 943 1119 986 rae:

192 1011 303 1076 Dacus
326 1015 365 1076 ut
389 1010 550 1076 armiferis
576 1010 649 1075 Get'
625 1014 708 1074 trcae
731 1009 893 1074 telluris
884 1032 917 1074 m
942 1011 1019 1094 cris,

195 1097 327 1184 Spicula
350 1100 406 1184 qui
428 1123 471 1185 pa
472 1099 536 1164 trio
561 1099 705 1185 gaudens
729 1098 855 1162 acuisse
878 1119 1004 1163 ueneno
1158 1115 1217 1164 325

194 1187 316 1252 Fundit
340 1189 424 1272 apud
447 1189 535 1272 ripas
560 1187 693 1271 inopina
715 1185 892 1252 binominis
916 1185 1031 1252 Histri.

239 1275 326 1342 (lura
349 1277 446 1360 subit,
470 1277 587 1341 collem
611 1276 731 1341 turrita
754 1275 884 1360 cingere
906 1274 1014 1340 fronte

195 1364 406 1450 Castelloque
429 1365 545 1429 urbem
569 1365 813 1430 circumuallare
836 1363 1007 1448 frequenti.

195 1453 269 1518 Heu
291 1454 409 1536 priscis
431 1475 553 1516 numen
575 1453 716 1537 populis,
739 1457 773 1517 at
794 1453 927 1517 nomine
947 1453 1018 1516 solo

193 1539 233 1604 In
255 1542 350 1606 terris
373 1541 440 1605 ism
462 1544 542 1604 nota
564 1541 673 1604 Fides!
708 1539 780 1605 Stat
803 1541 883 1604 durs.
905 1541 1056 1604 iuuentus
1159 1557 1218 1607 330

195 1629 417 1712 Ereptsmque
440 1629 552 1712 fugam
577 1633 609 1692 et
633 1628 739 1692 claudi
762 1629 852 1692 uidet
876 1648 994 1712 aggere
1018 1650 1138 1711 muros,

196 1715 259 1781 Sed
283 1717 418 1802 dignam
441 1715 589 1781 Ausonia
612 1719 752 1780 mortem
775 1719 871 1800 putat
894 1737 964 1780 esse
989 1715 1145 1802 Sagunt0‚

196 1804 332 1869 Seruata
356 1804 510 1870 cecidisse
533 1805 604 1868 fide.
629 1805 759 1888 iamque
783 1806 889 1868 acrius
914 1805 1020 1868 omnis

194 1892 373 1957 Intendunt
396 1893 496 1976 uires3
521 1893 667 1958 adductis
692 1892 831 1957 stridula
852 1893 962 1956 neruis

195 1981 336 2046 Phocais
361 1981 497 2046 effundit
521 1985 633 2046 uastos
657 1981 778 2046 baliste
801 1981 949 2067 molaris3
1160 1999 1218 2050 335

197 2068 308 2153 Atque
333 2069 454 2152 eadem,
476 2069 620 2154 ingentis
644 2072 772 2134 mutato
796 2069 938 2154 pondere
961 2069 1028 2155 teli,

195 2157 364 2222 Ferratam
388 2157 555 2222 excutiens
579 2180 695 2222 ornum
719 2159 827 2222 media
850 2158 981 2244 agmina
1004 2159 1137 2242 rumpit.

195 2247 353 2311 Alternus
376 2249 510 2311 resonat
534 2247 678 2331 clangor.
702 2249 879 2312 certamine
902 2250 994 2312 tanto

198 2333 399 2400 Conseruere
425 2335 520 2418 acies,
544 2335 647 2398 ueluti
670 2335 869 2400 circumdata
891 2335 981 2398 uallo

195 2423 302 2488 Roma
325 2423 428 2507 foret3
450 2423 633 2508 clamatque
657 2446 768 2508 super:
793 2423 873 2488 ‘Tot
897 2423 997 2506 milia,
1021 2427 1135 2509 gentes
1159 2441 1219 2492 340

196 2511 287 2578 Inter
310 2511 378 2576 tela
402 2515 504 2596 satae,
526 2511 593 2576 iam
616 2515 713 2596 capto
738 2517 862 2577 stamus
887 2512 921 2576 in
943 2513 1062 2577 hoste?

196 2600 291 2666 Anne
314 2601 414 2685 pudet
439 2601 570 2684 coepti?
602 2602 703 2684 pudet
726 2600 867 2664 ominis?
899 2623 939 2664 en
962 2601 1049 2666 bona
1071 2600 1178 2666 uirtus

197 2689 429 2774 Primitieeque
453 2689 560 2754 ducis!
582 2689 683 2753 taline
706 2689 841 2772 implere
861 2710 1014 2771 paramus

197 2775 331 2842 Italiam
353 2778 464 2842 fama?
488 2777 564 2842 talis
587 2779 796 2863 praemittere
819 2777 986 2861 pugnas?’

200 2886 414 2894 ——-——-

277 2938 329 2988 316
348 2932 516 2988 Permissum
535 2939 558 2986 v
576 2939 601 2990 et
619 2933 761 2989 Gronouio
775 2938 839 2988 leste
852 2933 901 3002 qui
914 2934 970 2988 cod.
988 2934 1075 2988 Onon.
1089 2949 1146 2989 non
1159 2951 1221 2990 mu·

197 3005 308 3059 tilulum
325 3005 447 3072 inspersit
472 3010 491 3056 0
517 3005 571 3058 Ter
594 3005 712 3058 missum
738 3010 779 3056 Lr
802 3035 836 3044 -
860 3003 989 3059 escondit
1008 3021 1076 3061 corr.
1095 3022 1129 3060 n.
1149 3010 1165 3058 1
1185 3023 1220 3060 en

198 3075 326 3130 escendit
350 3079 369 3126 Ι.
395 3074 525 3129 ascendit
551 3081 616 3130 Fov
639 3077 769 3131 accendit
790 3076 926 3130 Heinsius
1033 3082 1086 3131 318
1105 3074 1178 3128 Huic
1196 3081 1219 3128 r

198 3145 271 3200 Hinc
289 3151 332 3199 LV
350 3147 422 3200 deest
440 3162 461 3200 c.
483 3163 571 3215 many.
590 3149 623 3201 in
642 3153 660 3200 0
765 3150 817 3201 325
836 3147 885 3215 qui
903 3146 1040 3202 Heinsius
1058 3153 1083 3202 et
1101 3147 1220 3218 Bentley

197 3233 269 3284 quae
288 3223 305 3268 3
324 3246 358 3256 -
377 3215 506 3284 gaudent
524 3217 677 3272 Liuineius
735 3223 786 3273 329
801 3219 831 3272 at
845 3222 882 3270 ch
901 3222 919 3269 0
935 3234 968 3272 ac
982 3222 1047 3270 IAEV
1101 3223 1152 3271 332
1168 3217 1219 3271 Sa-

198 3289 287 3356 gunto
307 3293 352 3340 (lm
377 3288 432 3356 Ep.
447 3291 484 3342 46
591 3294 643 3342 340
663 3289 822 3356 clamatque
845 3288 979 3342 Heinsius
1004 3287 1182 3356 clamantque
1202 3296 1219 3342 3

198 3363 250 3412 343
276 3358 377 3413 Nonne
401 3359 489 3428 pudet
512 3359 606 3428 coepti
629 3365 666 3411 ch
688 3390 722 3400 -
751 3358 851 3414 ominis
875 3365 919 3410 cm
945 3359 1000 3428 Ep.
1020 3364 1057 3414 46
1080 3364 1102 3410 v
1126 3360 1216 3414 omnis

196 3429 223 3495 (i
241 3446 275 3484 m.
291 3435 306 3484 1
321 3435 473 3498 suprascr.)
490 3435 510 3481 L
530 3429 683 3484 cisionis
698 3435 716 3482 0
733 3431 778 3498 (Τ.
790 3446 819 3498 p.
835 3433 891 3484 188
904 3435 930 3484 et
943 3433 1012 3498 202)
1104 3433 1155 3485 343
1174 3431 1217 3486 ta-

197 3500 256 3554 line
274 3505 314 3553 1.0
333 3501 421 3555 taline
444 3505 489 3552 Π
