2632 4016
194 199 237 263 28
596 200 664 256 SlLl
681 200 814 257 ITALIOI

198 362 278 426 Pars
303 362 460 428 comitum
483 363 595 448 biiugo
620 387 725 450 curru,
748 387 825 449 pars
849 369 957 430 cetera
980 365 1076 430 dorso

196 450 315 516 Fertur
338 452 425 538 equi3
448 473 508 517 nee
530 475 595 518 non
621 452 759 520 Ueneris
782 454 849 518 iam
871 453 1004 520 foedera
1025 475 1140 538 passae

197 539 359 626 Reginam
383 540 529 625 cingunt,
553 541 609 606 sed
631 543 758 627 uirgine
782 543 912 609 densior
935 543 988 608 ala
1010 547 1069 608 est.

196 628 274 712 Ipsa
296 632 406 695 autem
429 630 584 715 gregibus
607 633 789 717 perlonga
811 632 953 718 mapalia
976 632 1078 698 lectos
1178 649 1217 698 85

196 716 284 783 Ante
308 719 409 784 aciem
432 721 620 785 ostentabat
644 742 760 807 equos3
783 722 972 806 tumuloque
995 721 1181 806 propinqua

196 805 284 872 Dum
308 806 454 893 sequitur
478 808 569 894 gyris
593 831 752 894 campum,
775 809 906 874 uibrata
928 831 986 894 per
1009 832 1105 874 auras

199 892 333 980 Spicula
357 899 574 981 contorquens
599 920 726 963 summa
748 899 892 982 ponebat
915 899 950 962 in
973 921 1055 964 arce.

243 984 334 1050 Hane
357 984 453 1050 hasta
475 985 593 1050 totiens
613 987 790 1051 intrantem
813 987 943 1052 moenia
965 987 1100 1073 Mopsus

197 1071 274 1138 Non
296 1073 375 1138 tulit
398 1077 431 1138 et
455 1074 550 1139 celsis
575 1075 683 1140 senior
706 1073 867 1160 Gortynia
890 1076 991 1141 muris
1177 1093 1216 1142 90

197 1161 277 1226 Tela
301 1166 438 1227 sonante
461 1161 556 1248 fugat
578 1185 680 1229 neruo
703 1163 909 1248 liquidasque
933 1186 991 1248 per
1014 1187 1110 1230 auras

197 1248 320 1336 Dirigit
343 1251 467 1336 aligero
491 1252 602 1316 letalia
625 1253 761 1318 uulnera
783 1253 880 1319 ferro.

198 1337 277 1404 Ores
302 1344 381 1425 erat,
405 1340 564 1406 aerisonis
588 1341 741 1408 Curetum
766 1343 921 1408 aduectus
941 1343 981 1407 ab
1006 1341 1119 1426 antris,

198 1427 353 1494 Dictaeos
378 1428 504 1513 agitare
528 1453 608 1514 puer
631 1431 810 1496 leuioribus
834 1431 927 1496 annis

198 1515 346 1582 Pennata
368 1517 472 1582 sallas
497 1523 645 1584 assuetus
669 1521 849 1585 harundine
872 1519 1017 1604 Mopsus.
1181 1536 1218 1585 95

199 1605 258 1670 Ille
282 1627 402 1690 uagam
425 1607 514 1671 caelo
539 1608 670 1672 demisit
694 1630 789 1692 saepe
813 1609 992 1691 uolucrem3

200 1694 262 1758 Ille
285 1695 400 1778 procul
423 1717 538 1778 campo
562 1695 763 1780 linquentem
787 1697 872 1761 retia
895 1698 1042 1761 ceruum

201 1781 347 1848 Uulnere
372 1783 524 1868 sistebat3
546 1789 718 1870 rueretque
737 1785 872 1870 inopina
895 1784 955 1849 sub
978 1785 1045 1848 ictu

200 1869 287 1935 Ante
310 1870 380 1936 fera
402 1871 544 1956 incauto,
568 1894 667 1956 quam
691 1874 788 1938 sibila
810 1878 946 1957 poneret
969 1895 1071 1938 arcus.

199 1958 268 2024 Nec
291 1981 325 2024 se
348 1963 420 2024 turn
443 1961 598 2044 pharetra
620 1962 757 2028 iactauit
779 1962 898 2028 iustius
920 1963 995 2047 ulla,
1164 1979 1220 2029 100
1305 2026 1306 2040 ,

199 2047 279 2113 Eois
304 2070 503 2135 quamquam
526 2054 629 2114 certet
653 2050 801 2136 Gortyna
825 2050 963 2137 sagittis.

201 2136 325 2202 Uerum
348 2141 394 2220 ut,
419 2160 517 2221 opum
541 2138 654 2223 leuior,
677 2143 798 2205 uenatu
822 2140 993 2205 extendere
1016 2139 1120 2204 uitam

199 2224 335 2309 Abnuit,
358 2231 455 2312 atque
479 2231 569 2291 artae
592 2249 644 2292 res
669 2249 803 2314 exegere
826 2251 885 2314 per
907 2249 1036 2312 aequor,

202 2312 350 2400 Coniuge
374 2337 447 2380 cum
470 2314 581 2381 Meroii
604 2319 754 2402 natisque
777 2317 938 2404 inglorius
962 2319 1081 2401 hospes

198 2401 344 2468 Intrarat
365 2403 528 2488 miseram,
551 2404 620 2470 fato
643 2405 793 2491 ducente,
814 2405 1005 2491 Saguntum.
1164 2422 1219 2472 105

200 2490 313 2577 Ooryti
335 2492 475 2558 fratrum
500 2516 538 2558 ex
562 2494 706 2559 humeris
731 2495 912 2579 calamique
935 2494 1064 2579 paterni

199 2579 392 2647 Pendebant
415 2581 610 2667 uolucerque
633 2583 779 2668 chalybs,
802 2583 925 2648 Minoia
947 2585 1022 2648 tela.

201 2669 273 2752 Hie,
296 2671 422 2737 medius
445 2671 607 2756 iuuenum,
630 2671 795 2757 Massylae
818 2673 927 2756 gentis
950 2671 985 2736 in
1009 2692 1127 2758 agmen

128 2829 130 2833 ,
203 2757 325 2824 Crebra
349 2759 501 2844 Cydoneo
524 2761 683 2826 fundebat
706 2761 832 2846 spicula
855 2782 964 2826 cornu.

200 2846 270 2912 Iam
299 2847 477 2914 Garamum
505 2850 722 2933 audacemque
750 2849 895 2934 Thyrum
924 2849 1108 2933 pariterque
1164 2866 1220 2914 110

841 2939 966 3003 ruentis

273 3081 307 3130 86
326 3075 484 3146 propinqua
501 3093 553 3133 scr.
572 3077 730 3148 propinquo
749 3083 765 3130 s
789 3077 979 3147 'propinquum
1001 3077 1069 3132 Best
1086 3076 1122 3143 es.
1140 3075 1219 3130 Dra-

201 3147 333 3202 kenborch
352 3165 377 3203 a.
396 3148 421 3200 h.
438 3148 454 3201 l.
549 3153 583 3202 88
603 3149 742 3204 condebat
760 3148 896 3204 Schrader
999 3153 1033 3203 92
1053 3144 1158 3216 Dirigit
1175 3153 1219 3200 ιο

202 3216 315 3286 Derigit
333 3222 377 3269 Π
396 3217 503 3287 Deligit
521 3224 558 3272 (th
630 3225 665 3274 94
683 3219 846 3274 melioribus
864 3220 1028 3290 Bentley-
1044 3218 1129 3272 armis
1146 3217 1218 3273 Gra·
1305 3245 1306 3262 ι

204 3290 307 3344 aonias
325 3294 350 3344 et
367 3288 505 3344 Heinsius
648 3296 682 3344 96
706 3290 819 3346 demisit
838 3296 873 3343 ca
893 3291 937 3359 (T.
948 3308 979 3360 p.
994 3293 1063 3357 214)
1084 3295 1099 3341 s
1118 3287 1220 3343 diuisit
1305 3309 1306 3312 ¹

200 3362 286 3432 aalys
385 3365 419 3414 9⁷
438 3360 598 3416 uincentem
617 3360 754 3417 Schrader
861 3367 896 3416 98
914 3363 1063 3430 rueretque
1081 3365 1124 3412 LV
1141 3376 1216 3415 rese-

200 3433 329 3501 retqueo
347 3433 542 3501 reuerctquer
558 3433 709 3500 rueretque
728 3433 876 3488 Liuineius
889 3437 915 3488 et
927 3432 1016 3487 Bothe
1079 3435 1131 3486 100
1141 3429 1218 3486 ullus

201 3503 339 3559 Schrader
420 3509 471 3559 107
492 3504 640 3572 alacerque
660 3501 751 3574 Ghory
844 3508 895 3558 110
913 3504 1028 3574 thyrum
1042 3507 1065 3553 v
1082 3504 1178 3573 tyrum
1196 3509 1219 3556 1.
1305 3581 1306 3588 ἵ

200 3575 320 3630 tirum0
346 3576 498 3630 thereusr
1059 3603 1062 3608 ·
