2632 4016
213 200 256 264 36
613 197 684 252 SILI
702 197 837 253 ITALIOI

217 363 297 427 Tela
321 361 540 447 intorquentis
564 364 713 446 correpta
736 383 753 426 e
776 362 909 426 uulnere
931 360 1015 446 uidi3

217 451 295 516 Uidi
319 451 445 532 animos
469 453 654 535 mortesque
677 451 784 514 uirum
808 449 996 534 decorisque
1019 450 1173 515 furorem.

217 537 252 604 Si
275 539 361 603 bello
386 538 520 604 obsistis
544 560 603 603 nec
626 542 659 602 te
683 538 863 604 uictoribus
886 538 994 617 offers,
1179 551 1236 604 333

216 626 381 702 Quantum
394 627 468 710 heu,
478 624 655 712 Carthago,
670 627 769 692 donat
787 627 849 692 tibi
869 626 1037 712 sauguinis
1057 625 1235 692 Hannonl'

256 714 374 781 Gestar
402 716 442 780 ad
469 715 550 780 haec
569 751 613 764 -·
632 737 774 799 namque
799 715 974 800 impatiens
996 736 1155 799 asperque
1178 737 1236 780 co-

854 803 976 887 quebat

217 892 410 957 Iamdudum
433 891 576 956 immites
599 891 666 956 iras
689 891 892 976 mediamque
914 890 1079 976 loquentis

214 980 273 1046 Bis
297 984 432 1046 conatus
456 984 527 1044 erat
549 979 713 1044 turbando
738 981 930 1064 abrumpere
953 1001 1068 1044 uocem
1094 1002 1148 1044 -ε

216 1067 437 1134 Concilione'
439 1068 585 1154 ,inquit
608 1067 750 1152 ‘Libyae
773 1067 936 1152 Tyrioque
960 1072 1085 1151 senatu,
1178 1085 1236 1134 330

215 1157 280 1224 Pro
304 1157 428 1242 superi!
452 1155 616 1222 Ausonius
640 1156 734 1220 miles
758 1155 868 1222 sedet?
893 1177 1046 1240 armaque
1068 1159 1203 1220 tantum

214 1246 312 1312 Haud
337 1247 412 1311 dum
437 1249 568 1329 sumpta
586 1244 681 1310 uiro?
704 1267 781 1310 nam
801 1237 908 1310 cetera
925 1267 993 1310 non
1015 1245 1064 1310 lat
1065 1249 1098 1309 et
1049 1244 1237 1310 thostis.

216 1335 313 1402 Nunc
336 1333 483 1420 geminas
508 1333 609 1416 Alpes
633 1333 905 1418 Apenninumque
927 1334 1080 1418 minatur,

216 1423 313 1489 Nunc
335 1423 421 1486 freta
444 1419 648 1487 Sicaniaet
615 1425 648 1486 et
670 1420 812 1506 Scyllaei
834 1421 942 1486 litoris
965 1421 1083 1506 undas;

215 1511 286 1576 Nec
308 1510 422 1596 procul
446 1513 509 1594 est,
537 1509 615 1593 quin
642 1511 708 1576 iam
738 1532 851 1574 manes
878 1511 1075 1594 umbrasque
1098 1533 1155 1594 pa·
1181 1527 1238 1578 333

855 1602 967 1663 uescat

214 1687 412 1770 Dardanias3
436 1688 529 1750 tanta
553 1686 737 1751 accumulat
759 1686 932 1770 praeconia
954 1687 1021 1752 leto

216 1775 482 1858 Uulneribusque
504 1774 611 1838 uirum
637 1797 674 1838 ac
697 1775 786 1838 tollit
810 1775 870 1838 sub
895 1775 1000 1840 sidera
1019 1779 1154 1876 gentem

214 1863 397 1946 Mortalem‚
420 1862 502 1926 mihi
525 1863 627 1947 crede,
651 1862 728 1928 licet
750 1861 961 1928 formidinet
947 1864 1035 1948 turpi

215 1953 353 2037 Frigida
376 1950 474 2016 corda
497 1954 650 2033 tremant,
674 1952 846 2016 mortalem
871 1953 1028 2016 sumimus
1051 1953 1192 2018 hostem

215 2041 293 2105 Uidi
316 2061 387 2125 ego,
410 2060 492 2123 cum,
516 2040 662 2124 geminas
686 2039 766 2104 artis
788 2043 864 2125 post
887 2043 980 2126 terga
1003 2041 1127 2106 catenis
1181 2059 1237 2110 340

214 2128 373 2194 Euiuctus
396 2128 532 2211 palmas,
555 2129 656 2214 uulgo
680 2129 866 2194 traheretur
889 2133 1009 2195 ouante

217 2215 397 2282 Carceris
387 2238 422 2279 m
445 2217 597 2281 tenebras
621 2239 695 2300 spes
720 2221 752 2280 et
773 2217 893 2282 fiducia
916 2218 1024 2304 gentis

215 2305 361 2391 Regulus
384 2303 580 2368 Hectoreae·
573 2305 682 2389 ,uidi
705 2327 777 2370 cum
801 2306 919 2371 robore
942 2307 1084 2390 pendens

217 2393 411 2478 Hesperiam
435 2414 529 2458 cruce
553 2353 701 2458 sirblimis
726 2398 887 2478 spectaret
912 2395 952 2458 ab
977 2395 1054 2460 alta

216 2483 286 2549 Neo
309 2504 386 2546 uero
409 2484 534 2546 terrent
519 2481 696 2566 tpuerilia
718 2483 866 2566 protinus
890 2505 947 2548 ora
1181 2500 1236 2549 343

218 2572 285 2636 Sub
310 2572 404 2657 galea
427 2573 461 2634 et
483 2592 614 2654 pressae
638 2574 813 2655 properata
836 2570 960 2636 casside
983 2571 1099 2636 malae.

217 2659 332 2724 indole
354 2681 422 2724 non
445 2659 524 2724 adeo
549 2659 642 2745 segni
666 2681 788 2724 sumus·
810 2659 926 2743 aspice,
949 2665 1077 2725 turmae

220 2747 307 2823 Quot
329 2747 472 2832 Libycae
496 2752 624 2814 certant
647 2770 750 2814 annos
774 2750 897 2812 anteire
920 2748 1033 2813 labore

217 2836 263 2901 Et
286 2836 381 2900 nudis
405 2836 570 2902 bellantur
593 2837 693 2922 equis.
717 2838 795 2922 ipse,
819 2837 937 2922 aspice,
960 2837 1084 2921 ductor,

220 2923 301 2989 Cum
324 2926 465 3008 primam
487 2929 600 2990 tenero
623 2947 737 2991 uocem
760 2925 919 3009 proferret
943 2927 983 2990 ab
1008 2947 1072 3010 ore,
1182 2943 1236 2994 350
1298 2951 1299 3017 l

219 3011 290 3077 Iam
314 3013 403 3076 bella
426 3015 459 3076 et
482 3013 581 3080 lituos
606 3038 644 3080 ac
666 3014 807 3079 flammis
830 3037 923 3079 urere
947 3018 1078 3100 gentem

292 3210 344 3258 333
363 3205 555 3272 retorquentes
573 3207 723 3261 Burmann
794 3211 847 3262 335
867 3205 1003 3261 obsistiss
1022 3206 1136 3260 absistis
1150 3209 1237 3278 calco

221 3281 273 3330 333
292 3277 517 3344 interropotionr's
534 3277 644 3345 cipnnrn
658 3282 722 3346 post
740 3275 801 3332 uiro
820 3279 892 3332 tollit
909 3293 966 3332 uon
989 3277 1062 3332 Veen
1115 3283 1168 3332 333
1183 3281 1237 3334 mi-

220 3349 304 3402 natur
318 3352 359 3398 1AE
378 3347 511 3400 minatio
540 3347 599 3414 (sed
620 3365 654 3401 m.
680 3353 700 3403 2
727 3349 772 3402 tus
793 3350 945 3416 amarer.)
971 3346 1075 3402 minaci
1088 3352 1111 3399 V
1133 3349 1238 3405 minari

220 3418 356 3473 Heinsius
482 3421 533 3472 337
553 3433 587 3469 ac
604 3417 682 3472 tollit
700 3419 752 3473 sub
771 3417 864 3474 sidera
882 3437 908 3489 g.
929 3423 965 3470 ch
983 3417 1124 3474 attonita
1143 3420 1180 3474 ad
1200 3422 1237 3475 si-
1295 3433 1296 3438 ’

221 3490 290 3544 dera
304 3494 347 3542 ov
419 3493 471 3543 339
491 3488 650 3543 tremantL
669 3505 702 3544 ea
721 3505 789 3544 corr.
810 3490 987 3560 fumantFov
1068 3490 1237 3548 34133333-

221 3564 267 3614 tus
287 3565 373 3613 0er
393 3560 557 3614 Succinctus
572 3564 615 3612 ov
687 3565 739 3614 348
758 3557 818 3624 Quo
837 3561 925 3616 Botte
