2632 4014
197 161 266 228 156
599 161 668 217 SlLI
686 159 822 218 ITALIOI

197 322 297 389 Haud
319 323 415 388 laude
439 322 567 405 afuerit,
590 323 687 388 modo
712 323 834 409 qui-
857 323 912 388 sed
935 345 1068 409 parcere
1091 321 1188 388 dictis

199 410 250 478 Sit
272 412 397 477 melius.
420 412 487 476 iam
509 433 570 476 uos
594 413 679 476 acies
703 415 736 476 et
758 413 884 498 proelia
907 416 941 477 et
962 413 1092 492 hostem
1188 470 1193 477 .

196 499 359 566 Poscitis?
382 522 402 565 o
425 504 567 583 maneat,
591 500 709 584 superi,
730 501 850 566 fiducia
872 500 966 566 talis!
1159 514 1217 567 260

197 587 336 674 Interea,
359 589 491 654 exclusa
513 587 646 654 maioris
670 592 757 654 sorte
780 589 904 674 pericli,
996 643 998 648 .

197 676 252 742 Me
276 676 393 759 solum,
417 698 548 762 quaeso,
571 677 635 742 toti
657 699 709 742 me
732 677 886 762 opponite
909 677 1019 744 bello?

196 764 261 831 His
285 765 381 832 dictis
404 765 527 830 stactus
550 764 649 849 furor,
672 769 705 830 et
727 766 842 831 rabida
865 787 956 831 arma
978 765 1139 850 quierunt.

197 852 245 920 Ut
267 876 340 920 cum
364 854 505 919 turbatis
528 853 691 939 placidum
715 857 823 938 caput¹
836 854 954 919 extulit
976 855 1071 920 undis

198 941 372 1028 Neptunus
396 946 565 1027 totumque
588 943 678 1008 uidet
700 943 827 1027 totique
850 942 979 1008 uidetur
1014 997 1017 1002 ,
1159 958 1213 1008 266

199 1029 369 1117 Regnator
390 1034 507 1116 pont03
530 1031 620 1096 saeui
642 1031 712 1096 fera
735 1053 901 1097 murmura
923 1031 1014 1096 uenti

199 1119 379 1184 Dimittunt
400 1120 574 1204 nullasque
597 1124 731 1184 mouent
753 1121 788 1184 in
809 1119 973 1185 frontibus
997 1121 1080 1205 alas3

198 1206 292 1294 Tum,
315 1208 437 1273 sensim
459 1207 568 1273 infusa
590 1209 771 1294 tranquilla
792 1230 851 1295 per
875 1229 1017 1292 aequora
1039 1229 1129 1294 paca,

196 1294 405 1383 Languentes
427 1297 529 1362 tacito
552 1297 663 1364 lucent
685 1299 720 1362 in
742 1297 839 1362 litora
861 1297 986 1362 fluctus.

245 1383 355 1451 Sensit
377 1407 456 1452 cura
480 1405 582 1470 sagax
603 1385 704 1451 Poeni
727 1385 914 1471 fraudisque
937 1407 1063 1450 ueneno
1158 1401 1213 1450 260

200 1472 401 1560 Aggreditur
423 1477 559 1539 mentes.
583 1497 687 1558 pauca
710 1479 807 1560 atque
829 1475 911 1540 haec
933 1473 1019 1539 ruris
1044 1474 1124 1540 auiti

196 1559 315 1648 Iugera
337 1583 397 1627 nec
420 1563 533 1627 multis
556 1561 677 1627 Fabius
700 1564 849 1628 uertebat
872 1563 1002 1648 aratris3

197 1647 357 1715 Massicus
380 1649 514 1715 uuiferis
539 1650 680 1716 addebat
701 1652 834 1716 nomina
857 1651 971 1736 glebis.

189 1735 286 1803 Hinc
308 1742 434 1822 pestem
457 1739 616 1822 placitum
638 1740 748 1804 moliri
772 1743 805 1804 at
828 1760 981 1825 spargere
1003 1759 1119 1804 causas

197 1823 238 1890 In
260 1829 369 1891 castra
391 1826 571 1911 ambiguas.
593 1825 681 1893 ferro
704 1827 908 1911 flammisque
931 1827 1077 1912 pepercit
1158 1843 1212 1892 266

199 1911 455 2000 suspectamque
478 1915 551 1982 loco
573 1936 687 1999 pacem
710 1915 799 1980 dedit
821 1921 890 1980 arte
913 1916 1067 2002 maligna,

199 1999 267 2068 Oen
290 2002 492 2069 clandestino
515 2004 701 2070 traheretur
723 2003 852 2069 foedere
875 2004 1009 2070 bellum.

242 2088 432 2156 Intellectus
457 2095 528 2157 erat
550 2091 664 2174 Fabio,
687 2092 867 2177 Tyriosque
889 2091 1023 2156 uidebat

198 2177 350 2245 Dictator
374 2181 500 2245 saeuire
524 2180 630 2265 dolos3
654 2181 801 2245 sednon
822 2185 918 2246 uacat
940 2201 1072 2264 aegram
1304 2257 1305 2270 χ

197 2265 361 2332 Inuidiam
385 2267 511 2352 gladios
534 2268 620 2332 inter
642 2268 807 2351 lituosque
829 2269 946 2332 timere
1160 2285 1213 2334 2⁷0

198 2353 244 2419 Et
268 2355 366 2420 dubia
389 2377 516 2420 morsus
540 2355 646 2420 famae
669 2355 830 2438 depellere
853 2376 973 2440 pugna,

200 2441 313 2510 Donec
334 2447 530 2528 reptantem,
551 2443 765 2528 nequicquam
789 2465 884 2528 saepe
905 2444 1067 2509 trahendo

200 2529 274 2596 Huc
296 2531 375 2597 illuc
398 2536 506 2598 castra
529 2551 567 2597 ac
591 2534 790 2597 scrutantem
813 2532 939 2615 proelia
961 2533 1115 2618 Poenum,

200 2617 272 2696 Qua
293 2641 467 2686 nemorosa
488 2621 567 2706 iuga
589 2624 623 2684 et
646 2619 812 2704 scopulosi
834 2620 957 2686 uertice
980 2621 1081 2687 colles

197 2706 382 2794 Exurgunt,
405 2709 523 2775 clausit
545 2729 659 2792 sparsa
680 2709 723 2773 ad
745 2708 886 2774 diuortia
908 2714 1025 2775 turma
1160 2727 1210 2777 276

199 2794 285 2860 Hinc
307 2796 563 2882 Laestrygoniae
587 2818 704 2864 saxoso
728 2803 838 2864 monta
860 2799 1052 2882 premebant

196 2938 410 2949 ——-—-.

270 3027 322 3078 248
341 3022 445 3078 afuerit
464 3029 501 3077 th
519 3023 631 3079 affuerit
650 3031 667 3077 s
686 3055 719 3064 -
738 3028 850 3080 nostrae
868 3025 947 3079 laudi
964 3025 1101 3080 Heinius
1114 3026 1209 3094 —qui

200 3094 250 3149 sed
268 3099 291 3147 v
309 3093 373 3162 quis
392 3095 421 3150 et
434 3099 496 3147 nro
546 3097 601 3150 260
617 3111 734 3150 maneas
751 3101 771 3148 Ι.
825 3100 877 3151 263
896 3095 988 3167 arma]
1007 3112 1057 3151 ora
1074 3095 1209 3154 &trader

198 3169 250 3220 266
269 3163 381 3234 totique
400 3169 437 3218 cn
454 3166 603 3234 mleque!
751 3170 803 3222 264
821 3165 959 3236 placitum
978 3171 1015 3218 ch
1032 3167 1174 3238 placidam
1193 3175 1208 3222 Ι

198 3241 250 3292 269
264 3236 372 3292 sedaor.
383 3238 434 3292 ets
446 3237 492 3305 (cf.
507 3254 534 3292 u.
548 3240 617 3306 248)
628 3239 751 3308 atmrlpc
765 3268 799 3278 -
813 3236 892 3292 ualet
906 3242 934 3306 ⁰,
951 3239 1025 3292 unde
1042 3238 1114 3293 uelit
1127 3239 1210 3294 Bima

199 3337 232 3348 —
252 3323 368 3379 aegram
381 3308 469 3364 Bothe
487 3323 571 3378 aegre
591 3314 607 3361 6
626 3324 711 3378 aegro
725 3310 770 3364 act
783 3325 876 3364 acrem
890 3307 1027 3364 Heinsius
1044 3309 1106 3394 agri
1118 3308 1208 3366 Barth

197 3393 286 3449 aequa
310 3377 420 3446 Withof
529 3383 582 3433 272
601 3380 709 3448 etpost
726 3381 894 3448 reptantem,
912 3381 986 3451 quod
1003 3385 1043 3436 eu
1059 3397 1092 3435 m
1110 3385 1135 3449 2,
1154 3381 1205 3436 del.

196 3449 285 3505 Bothe
293 3451 457 3521 rapientem
470 3450 670 3504 attrahentem
679 3450 828 3505 Iiuineiru
842 3451 1004 3520 captantem
1014 3449 1207 3520 nequicquam,

198 3537 220 3577 a.
234 3521 269 3576 tr.
284 3521 425 3577 Heinsius
490 3526 543 3576 274
563 3521 710 3592 scopuloso
728 3521 865 3576 Schrader
882 3526 907 3576 el
924 3538 980 3577 cun
1003 3521 1076 3576 Vccu
