2632 4014
182 167 249 234 220
441 127 445 134 ⁴
579 165 647 222 sur
663 165 797 222 matter

180 330 316 416 Oppetis
340 333 373 395 et
396 329 495 415 Tyrio
520 351 618 415 super
640 328 775 414 inguina
797 329 860 394 firc
884 333 999 395 ueruto

180 418 361 504 Maecenas,
385 419 437 484 cui
459 417 610 484 Maeonia
632 418 819 483 uenerabile
843 422 933 483 terra
1163 435 1201 484 40

178 507 225 573 Et
249 509 384 591 sceptris
408 508 488 573 olim
511 507 711 572 celebratum
734 528 853 572 nomen
875 506 1035 574 Etruscis.

179 596 243 663 Per
265 596 388 662 medios
413 596 531 682 agitur,
553 595 700 681 proiecto
723 595 806 660 lucis
830 617 941 661 amore

179 685 400 751 Hannibalem
422 685 577 767 lustrans,
599 683 730 749 Paulus.
755 705 826 749 sors
849 706 915 749 una
937 684 1068 749 uidetur

181 773 318 859 Aspera,
341 774 370 838 si
394 773 565 839 occumbat
588 772 721 838 duotore
744 773 921 856 superstite
943 771 1063 838 Poeno·

227 861 1204 948 Quammetuensmolem—nequcenim,certaminesumpto,

183 950 373 1037 Tempestas
396 953 490 1015 tantu
513 954 547 1014 et
569 950 675 1014 rabies
698 950 831 1034 impune
853 949 972 1015 fuisset
996 987 1034 998 -
1164 967 1203 1018 46

181 1039 223 1106 In
244 1039 361 1105 faciem
384 1039 495 1124 pauidi
517 1038 600 1103 Iuno
624 1060 781 1105 conuersa
803 1037 943 1104 Metelli:

182 1127 284 1204 ‘Quid
307 1125 431 1211 uanos,'
454 1127 570 1212 inquit,
594 1125 705 1193 ‘Latio
730 1149 804 1212 spes
827 1127 923 1192 unica
946 1128 1070 1212 consul,

181 1217 414 1301 Incassumque
437 1238 559 1298 moues,
581 1215 649 1281 fato
672 1220 836 1300 renuente,
858 1216 1008 1282 furores?

182 1305 218 1372 si
242 1309 389 1390 superest
410 1304 541 1388 Paulus,
564 1307 691 1370 restant
713 1305 838 1369 Aeneia
860 1325 980 1390 regna,
1166 1321 1203 1370 50

183 1392 242 1460 Sin
266 1416 367 1478 secus,
389 1392 571 1458 Ausoniam
594 1398 702 1459 tecum
720 1393 836 1458 trahis.
858 1393 906 1458 ire
928 1395 1110 1458 tumentem

183 1481 232 1548 Tu
256 1487 370 1548 contra
392 1483 543 1548 iuuenem
566 1486 600 1546 et
623 1485 720 1566 caput
741 1482 804 1547 hoc
827 1481 993 1547 abscidere
1015 1481 1114 1546 rebus

183 1571 347 1654 Turbatis,
369 1594 388 1636 o
412 1571 524 1655 Paule,
546 1573 667 1655 paras?
690 1593 776 1636 nunc
798 1569 965 1635 Hannibal
987 1570 1052 1654 ipsi
1077 1607 1116 1616 -

182 1659 264 1725 Tam
288 1662 393 1725 laetus
417 1659 503 1723 bello
528 1662 578 1723 est
603 1693 641 1706 -
668 1659 754 1724 ausit
777 1663 901 1724 certare
925 1658 1077 1726 Tonanti.

181 1749 316 1814 Etiam
340 1746 507 1813 conuersis
534 1783 571 1794 —
597 1747 666 1812 uidi
687 1769 764 1812 nam
787 1747 918 1813 flectere
944 1785 982 1794 -
1007 1747 1146 1813 habenis
1166 1763 1203 1814 66

183 1837 300 1903 Euasit
323 1833 429 1900 Uarro
454 1857 491 1900 ac
514 1857 584 1900 sese
608 1837 649 1900 ad
672 1836 809 1902 meliora
831 1841 986 1902 reseruat.

182 1923 232 1989 Sit
256 1924 398 2008 spatium
421 1923 514 2010 fatis3
537 1927 579 2004 et,
602 1924 680 1989 dum
703 1925 807 2008 datur,
830 1925 917 2009 cripe
940 1925 1009 1990 leto

181 2013 276 2078 Hanc
298 2012 421 2077 nostris
449 2014 604 2077 maiorem
627 2014 784 2097 animam3
807 2035 884 2078 mox
911 2014 999 2078 bella
1027 2013 1202 2097 capesses?

225 2102 277 2166 Ad
300 2122 383 2185 quae
406 2101 574 2184 suspirans
598 2101 725 2167 ductor:
748 2100 946 2166 ‘Mortemne
971 2102 1032 2167 sub
1056 2102 1157 2167 armis

182 2188 248 2255 Cur
270 2211 413 2274 poscam,
435 2209 533 2253 causa
555 2188 620 2254 ista
639 2212 755 2274 parum
779 2195 838 2274 est,
861 2191 947 2275 quod
965 2191 1047 2256 talia
1064 2194 1201 2257 nostrae

181 2278 390 2343 Pertulerunt
414 2299 508 2341 aures
531 2278 722 2342 suadentem
746 2283 893 2344 monstra
917 2278 1108 2345 Metellum?
1165 2297 1201 2346 61

181 2368 207 2452 Ι,
231 2367 371 2450 demens,
394 2365 415 2448 i,
438 2387 533 2449 carpe
555 2365 679 2452 fugam.
701 2388 768 2432 non
790 2367 919 2433 hostica
941 2368 1010 2432 tela

182 2454 337 2539 Excipias
360 2457 465 2538 tergo,
488 2476 622 2539 superos
645 2477 768 2538 precor.
791 2455 928 2542 integer,
952 2478 1020 2536 oro,

183 2544 394 2627 Intentusque
418 2542 516 2606 abeas
540 2546 637 2627 atque
660 2543 763 2608 intres
786 2545 916 2610 moenia
939 2543 1065 2610 Romae

182 2631 265 2698 Cum
287 2628 435 2695 Uarrone
459 2629 566 2696 simul.
588 2633 689 2718 talin',
712 2632 932 2719 pauidissime,
954 2633 1089 2719 dignum
1164 2651 1200 2700 65

186 2719 239 2786 Me
262 2720 333 2784 uita
355 2719 554 2805 pulchraque
577 2720 747 2806 indignum
771 2727 877 2788 morte
899 2723 1047 2806 putasti?
1205 2729 1207 2736 '

183 2809 310 2894 Quippe
334 2807 412 2872 sinit
433 2805 572 2892 Poenus,
595 2811 650 2894 qui
671 2830 757 2874 nuno
781 2813 945 2875 contraria
967 2811 1055 2875 bella

183 2896 252 2983 Ipsi
275 2897 359 2962 ferre
382 2895 455 2961 loui
478 2897 595 2962 ualeat.
617 2920 678 2982 pro
702 2899 843 2984 degener
866 2900 952 2964 altae

253 3111 288 3162 40
306 3106 455 3161 Maecenas
474 3112 511 3160 ch
528 3107 659 3162 Manena·
679 3114 695 3160 Β
772 3114 807 3162 43
826 3108 898 3180 sors]
918 3125 993 3164 mors
1012 3108 1050 3163 D.
1065 3107 1202 3164 Heinsius

183 3185 219 3236 46
237 3177 339 3234 tumeat
358 3183 374 3230 Β
392 3177 510 3232 fuissent
527 3179 587 3233 edd.
602 3195 668 3234 recc.
741 3185 776 3234 49
791 3179 990 3248 Incassumque
1003 3196 1102 3234 moues
1116 3183 1200 3232 cm

182 3252 327 3308 Incassum
344 3265 471 3303 remoues
491 3255 534 3302 ov
552 3265 672 3305 renones
692 3249 864 3322 Pomponius
876 3249 982 3308 Laeliis
1055 3253 1088 3304 52
1108 3250 1201 3305 abaci·

185 3324 250 3378 dere
269 3325 307 3375 uh
334 3319 537 3376 abscinderet>
645 3326 680 3376 64
698 3319 768 3376 belli
785 3321 922 3376 Heinsius
1029 3325 1064 3375 58
1082 3319 1202 3376 Hancs

181 3393 244 3449 Huc
263 3398 300 3446 cn
326 3391 408 3447 Nunc
425 3391 513 3446 Bothe
540 3390 613 3445 Huic
630 3392 716 3446 Blaea
823 3398 858 3448 60
877 3393 1006 3464 poscam]
1025 3407 1139 3462 parcam
1157 3398 1202 3444 tr

182 3480 298 3534 pascam
317 3469 360 3517 ov
420 3468 452 3518 61
472 3461 653 3517 Pertulerunt
672 3467 709 3515 ch
731 3461 942 3518 Pertulerinto
1003 3469 1037 3519 ot
1053 3463 1120 3518 sinit
1134 3468 1201 3517 m

183 3538 249 3590 sunt
268 3540 329 3588 0110
349 3531 418 3589 furit
436 3533 653 3604 eritpleraeque
666 3550 700 3588 ec
713 3535 754 3590 ed.
769 3534 863 3589 Marsi
