2596 4010
394 205 610 264 PUNIGORUM
628 207 738 264 LIBER
756 209 815 266 VII.
1045 207 1110 275 147

95 367 245 454 Exiguus
268 368 409 434 domitas
432 369 541 455 capiet
562 370 666 454 loeus3
690 371 792 436 ardua
815 372 911 438 celsis
964 443 967 448 ,

93 455 258 522 Persultet
274 457 353 544 iuga
369 458 476 523 uiator
494 457 586 543 equis
606 457 825 546 Garamasque
843 458 1042 548 Nomasque.
1057 479 1109 531 '105

94 543 204 610 Addas
228 545 334 612 Ticini
356 546 540 630 spumantis
564 546 723 632 sanguine
745 548 833 633 ripas

94 631 142 700 Et
163 637 313 700 nostrum
336 633 492 700 Trebiam
515 637 548 700 et
570 633 809 720 Thrasymenni
832 637 931 704 litora
953 639 1052 707 Tusci

94 719 216 788 Clausa
239 723 462 789 cadaueribus.
484 727 560 789 ruat
582 723 701 810 ingens
724 745 859 810 corpore
882 730 915 792 et
937 728 1037 795 armis

93 811 287 898 Flaminius3
310 811 418 898 fugiet
441 813 553 878 oonsul
577 816 732 879 manante
756 835 869 880 eruore

95 897 203 985 Scipio
227 905 261 966 et
283 901 325 965 ad
349 902 454 968 socios
479 901 550 966 nati
573 901 698 967 oeruioe
720 901 868 970 uebatur.
1057 921 1108 973 710

92 987 182 1054 Haeo
204 989 299 1054 mitte
322 989 356 1054 in
378 991 525 1078 populos,
549 994 583 1055 et
605 989 709 1056 adhue
732 992 858 1057 maiora
881 991 1052 1061 dabuntur.

92 1075 306 1162 Flagrantem
330 1078 464 1163 effinges
486 1078 623 1158 faribus,
646 1076 822 1167 Carthago,
844 1079 994 1166 Libyssis

92 1165 232 1230 Romam
256 1170 289 1231 et
312 1166 473 1232 deiectum
495 1167 636 1252 Tarpeia
658 1189 738 1252 rupa
756 1167 948 1235 Tonantem.

92 1252 223 1319 Interea
245 1276 315 1342 uos,
337 1259 375 1320 ut
397 1255 532 1340 dignum
558 1259 617 1340 est,
639 1255 713 1341 ista,
736 1257 825 1323 ocius
848 1258 903 1343 ite,

92 1340 285 1428 Oiurenes,
310 1364 448 1428 quorum
472 1342 595 1409 dextris
618 1343 700 1410 mihi
721 1349 815 1410 tanta
839 1349 1006 1434 geruntur,
1055 1363 1107 1414 715

90 1429 129 1496 In
152 1432 278 1498 eineres
302 1435 515 1497 monumenta
538 1431 613 1498 dete
636 1436 732 1518 atque
754 1433 913 1500 inuoluite
943 1435 1105 1503 flammis?

346 1847 356 1868 ⁶
439 1842 541 1916 SILI
572 1841 764 1916 ITALIO'I

294 2007 329 2090 P
361 2007 404 2091 U
435 2007 480 2090 N
511 2007 535 2090 I
572 2007 605 2091 Ο
639 2009 675 2094 Ο
707 2010 746 2094 R
779 2009 822 2093 U
853 2007 900 2092 M

440 2178 550 2235 LIBER
568 2179 753 2238 armatos,

93 2357 222 2423 Interea
246 2358 382 2444 trepidis
405 2357 528 2426 Fabius
553 2382 627 2444 spes
651 2362 745 2428 unica
766 2364 873 2428 rebus.

8 2457 11 2498 7
90 2445 153 2511 Ille
177 2447 307 2532 quidem
330 2448 435 2514 socios
459 2453 557 2534 atque
580 2471 712 2535 aegram
734 2451 868 2516 uulnere
891 2469 1047 2533 praeceps

87 2535 270 2600 Ausoniam
294 2537 443 2602 armabat
466 2537 626 2622 uiridique
650 2539 690 2602 ad
713 2537 793 2603 dura
816 2537 964 2603 laborum

89 2621 237 2689 Bellator
261 2624 350 2690 senio
373 2625 439 2690 iam
463 2630 571 2692 eastra
593 2627 749 2692 mouebat
771 2627 807 2690 in
829 2627 969 2690 hostem.

90 2711 155 2778 Sed
177 2733 268 2777 mens
290 2712 434 2778 humana
456 2715 562 2780 maior
585 2736 652 2778 ιιοιι
675 2715 742 2780 tela
764 2735 824 2779 neo
847 2735 941 2778 enses
1085 2729 1101 2779 5
1158 2719 1188 2796 ,4

91 2797 161 2865 Neo
183 2799 279 2866 fortis
304 2801 472 2886 spectabat
495 2825 604 2888 equos.
626 2805 678 2868 tot
700 2801 793 2867 milia
815 2805 929 2868 eontra
1145 2811 1160 2834 ¹

8 2907 11 2954 ι
87 2887 273 2955 Poenorum
295 2889 515 2975 inuictumque
539 2891 661 2974 ducem,
683 2894 736 2956 tot
759 2891 793 2954 in
816 2889 948 2976 agmina
971 2890 1061 2956 solus

8 3017 9 3026 ι
86 2976 163 3042 Ibat
186 2977 274 3044 etin
299 2999 369 3044 seso
393 2983 509 3045 cuneta
533 3001 624 3044 arma
645 2980 798 3062 uirosque
822 2978 962 3064 gerebat.
1112 2981 1125 2994 ‘¹

8 3131 11 3168 ι
88 3064 137 3130 Ae
159 3066 195 3130 ni
218 3087 311 3130 saera
334 3067 402 3131 seni
425 3067 475 3131 uis
498 3067 757 3152 impressumque
779 3067 905 3154 fuisset,

158 3295 210 3349 706
228 3291 310 3349 Adde
334 3293 363 3348 et
385 3291 509 3366 Scaliger
683 3300 734 3352 707
757 3293 842 3352 Tusci
864 3295 950 3352 Blose
975 3295 1118 3370 tussisag.

85 3369 136 3419 717
147 3363 263 3434 affingas
277 3369 327 3429 tr,
340 3369 374 3421 ut
386 3367 456 3421 coni,
471 3365 587 3423 Medias
599 3363 716 3437 effugies
730 3367 836 3438 omEp.
852 3371 890 3423 68
903 3367 1040 3436 effingens
1053 3371 1081 3440 o
1106 3367 1124 3422 ,”

84 3433 223 3507 7141717]
241 3433 282 3490 ite
301 3435 450 3492 Materiae
524 3440 575 3493 715
594 3438 727 3510 germen
744 3438 831 3494 Btoss
904 3437 1045 3494 lrabidis

32 3520 35 3526 ·
84 3511 198 3632 emotus
217 3509 283 3632 Llrv
300 3508 394 3561 mente
413 3511 432 3560 ο
452 3537 485 3548 -
505 3509 600 3565 mente
622 3508 744 3566 humano
766 3509 860 3568 Barth
881 3540 915 3552 -
933 3526 989 3566 ιιοιι
1007 3509 1077 3574 telas*

8 3609 9 3618 ι
85 3593 137 3634 neo
170 3592 281 3648 ,augo

831 3667 885 3725 10*
