2632 4014
203 126 269 190 170
603 123 673 178 scm
690 122 824 178 rrauror
907 89 909 93 ’

199 287 360 370 Repserat
383 289 479 370 atque
504 287 571 350 alta
594 307 664 350 sese
687 286 874 350 occultabat
896 286 930 349 in
953 288 1069 351 umbra
1159 303 1216 352 670

202 375 408 457 Hampsicus,
434 373 588 438 insistens
611 374 761 438 tremulis
786 375 845 438 sub
869 373 1010 457 pondere
1033 377 1142 440 ramis.

201 463 297 535 Hunc
320 463 420 547 longa
442 463 546 527 multa
570 470 718 526 orantem
741 461 908 528 Carmelus
933 466 966 527 et
989 464 1074 527 altos

199 551 382 617 Mutantem
406 552 491 616 saltu
515 572 624 615 ramos
647 551 891 615 transuerberat
913 551 1023 634 hasta3

201 639 256 725 Ut,
280 640 335 723 qui
357 640 483 705 uiscata
506 639 684 723 populatur
706 639 885 703 harundine
908 641 1008 724 lucos,

200 728 288 795 Dum
311 729 453 794 nemoris
478 728 556 794 celsi
578 749 713 812 procera
736 728 902 792 cacumina
926 727 1045 793 sensim
1159 742 1213 793 666

201 816 396 883 Substructa
419 821 522 882 certat
544 817 663 881 tacitus
687 815 877 902 contingere
900 821 996 898 meta,

202 904 379 970 Sublimem
404 907 529 970 calamo
554 905 700 988 sequitur
723 908 886 969 crescente
908 905 1083 970 uolucrem.

199 993 325 1058 Effudit
347 994 458 1078 uitam,
483 998 580 1077 atque
603 994 669 1056 alte
693 996 845 1056 manante
869 1014 981 1057 cruore

198 1081 346 1146 Membra
368 1082 592 1167 pependerunt
614 1084 749 1146 curuato
774 1081 948 1164 exsanguia
971 1102 1071 1146 ramo.

242 1169 376 1254 lamque
399 1172 433 1234 in
456 1169 598 1252 palantis
622 1191 659 1234 ac
682 1191 793 1234 uersos
816 1173 910 1254 terga
931 1168 1056 1233 feroces
1156 1185 1210 1236 666

199 1256 396 1344 Pugnabant
417 1257 505 1342 Itali,
530 1259 657 1322 subitus
681 1279 754 1322 cum
778 1258 863 1322 mole
886 1258 1036 1340 pauenda

199 1346 361 1413 Terrifiois
387 1346 519 1412 Maurus
542 1346 726 1430 prorumpit
749 1345 880 1429 Tunger
902 1345 936 1408 in
960 1345 1068 1410 armis.

198 1434 305 1520 Nigra
328 1435 399 1500 uiro
423 1435 578 1516 membra,
603 1438 636 1498 et
659 1434 745 1498 furni
767 1433 845 1519 iuga
869 1434 956 1498 celsa
979 1433 1156 1498 trahebant

198 1522 404 1608 Compedes,
427 1527 579 1606 totusque
602 1544 706 1586 nouae
728 1521 912 1586 formidinis
936 1526 1007 1586 arte

198 1610 359 1677 Concolor
382 1611 544 1694 aequabat
567 1610 703 1674 liuentia
726 1632 838 1674 currus
862 1632 1019 1695 equorum
1158 1626 1212 1678 686

196 1699 316 1786 Terga3
340 1721 398 1764 nee
421 1700 538 1763 erectis
561 1697 683 1762 similes
706 1697 873 1781 imponere
897 1698 1006 1763 cristis

200 1786 353 1853 Cesserat
375 1809 509 1872 pennas,
532 1791 664 1870 aterque
687 1786 821 1872 tegebat
845 1787 993 1852 amictus.

200 1874 267 1940 Ceu
292 1875 452 1960 quondam
478 1879 628 1940 aeternae
651 1879 805 1961 regnator
827 1875 943 1958 noctis,
967 1875 1007 1940 ad
1031 1876 1114 1941 imos

170 1981 173 1988 '
200 1962 283 2028 (lum
306 1964 436 2048 fugeret
457 1964 630 2048 thalamos,
654 1963 809 2028 Hennaea
832 1964 959 2049 uirgine
983 1967 1086 2048 rapta,

200 2052 281 2138 Egit
303 2052 489 2138 nigrantem
515 2050 630 2137 Stygia
653 2052 792 2137 ealigine
816 2074 954 2116 currum.
1162 2070 1214 2119 696

199 2142 246 2206 At
270 2138 362 2225 Cato,
385 2145 456 2205 tum
478 2140 585 2224 prima
609 2161 740 2223 sparsus
764 2141 919 2226 lanugine
943 2141 1056 2226 malas,

200 2229 293 2305 Quod
316 2250 470 2314 peperere
494 2229 589 2294 decus
613 2227 747 2294 Circaeo
772 2228 914 2293 Tuscula
937 2229 1033 2294 dorso

199 2317 338 2402 Moenia,
360 2317 496 2382 Laertae
519 2317 682 2401 quondam
705 2321 842 2401 regnata
864 2317 985 2400 nepoti,

199 2405 403 2490 Quamquam
426 2399 573 2470 tardatos
597 2406 731 2470 turbata
752 2404 861 2470 fronte
884 2404 1020 2470 Latinos

198 2492 379 2580 Collegisse
402 2494 537 2579 gradum
561 2493 660 2578 uidet,
682 2493 921 2576 imperterritus
944 2493 1015 2579 ipse
1159 2510 1212 2559 695

198 2583 335 2647 Ferrato
358 2583 446 2647 calce
470 2587 567 2667 atque
591 2582 692 2646 effusa
715 2583 825 2667 largus
848 2575 978 2646 habena

199 2669 413 2736 Cunctantem
436 2671 627 2756 impellebat
651 2691 777 2754 equum.
800 2673 900 2755 negat
923 2670 1039 2734 obuius
1062 2669 1110 2734 ire

198 2759 243 2825 Et
265 2759 410 2842 trepidat
433 2781 525 2824 cassa
549 2759 678 2842 sonipes
702 2757 872 2822 exterritus
895 2759 1019 2822 umbra.

198 2847 280 2912 Tum
304 2847 389 2912 celer
411 2846 446 2912 iu
470 2869 615 2933 pugnam
639 2846 736 2911 dorso
760 2845 885 2910 delatus
909 2847 950 2911 ab
974 2847 1042 2911 alto

197 2934 370 3018 Alipedem
392 2937 507 3018 planta
530 2957 659 3000 currum
683 2935 804 3017 premit
827 2938 924 3018 atque
947 2935 1075 2999 uolanti
1158 2950 1210 2999 700

198 3024 317 3088 Assilit
340 3046 359 3088 a
381 3029 485 3110 tergo.
509 3024 650 3090 cecidere
675 3028 708 3086 et
730 3024 802 3087 lora
824 3026 955 3107 repente

193 3207 203 3222 ⁶
271 3203 321 3251 671
341 3198 508 3268 Hampsicus
527 3202 609 3250 (ΜΕ
628 3196 796 3266 Nampsioue
816 3201 858 3250 0V
931 3194 1106 3250 6¹14uiscata
1121 3196 1213 3252 Barce

199 3269 301 3338 aliique
319 3267 443 3324 uiscatos
462 3275 479 3322 6
587 3273 638 3322 666
659 3268 826 3322 substructa
844 3271 881 3320 eh
899 3265 1065 3322 substracta
1082 3272 1124 3320 uf
1143 3266 1213 3322 Sub·

197 3341 290 3395 tracta
309 3344 351 3392 ov
406 3344 459 3393 682
479 3339 593 3408 Tunger
611 3343 648 3391 ch
673 3338 753 3404 niger
773 3344 789 3390 a
808 3337 915 3407 Tinger
932 3337 1017 3393 Blasa
1071 3343 1123 3393 686
1138 3338 1213 3392 furui

197 3481 337 3536 habenam
356 3480 476 3550 Ruperti

65 3406 72 3416 '
197 3411 374 3480 Dauoquer'us
391 3408 498 3464 fuluis
615 3415 666 3464 696
686 3407 789 3464 effusae
808 3409 826 3464 l.
847 3411 973 3464 habenae
991 3411 1036 3464 uel
1055 3407 1172 3466 effusam
1192 3410 1211 3465 l.
1293 3423 1294 3465 l
