2632 4014
189 206 257 272 232
590 203 658 260 sur
676 201 811 258 numer

190 368 377 454 Imperium,
399 389 466 432 non
489 367 646 432 subnixae
668 366 783 431 lictore
807 385 944 431 secures.

190 457 318 523 Trunca
342 461 439 541 atque
463 469 560 540 aegra
583 459 682 537 metu,
705 476 762 520 ceu
785 475 906 539 magna
929 455 1011 520 elisa
1033 457 1139 541 ruina,

195 544 342 630 Corpora
365 545 527 610 debilibus
550 544 699 608 nituntur
722 544 835 608 sistere
859 545 1025 610 membris.

193 633 326 702 Clamor
349 655 445 718 saepe
468 654 584 718 repens
607 635 640 696 et
663 653 759 716 saepe
783 632 913 696 silentia
936 633 1009 697 fixis
1156 651 1213 701 395

193 723 235 789 In
257 724 410 788 tellurem
433 722 544 806 oculis,
566 720 671 785 nudae
693 720 857 805 plerisque
881 720 1034 786 sinistrae

192 811 325 877 Detrito
349 811 466 896 clipe03
490 810 606 874 desunt
628 809 832 894 pugnacibus
855 830 961 894 enses3

194 899 329 966 Saucius
353 899 458 964 omnis
482 919 593 982 eques;
616 897 719 982 galeis
743 919 890 981 carpsere
914 898 1091 982 superbum

197 987 379 1055 Cristarum
402 987 497 1052 decus
521 989 554 1051 et
577 986 774 1051 damnarunt
795 985 913 1050 Martis
936 986 1087 1052 honores.
1121 1005 1132 1024 ·

192 1078 240 1143 At
263 1077 368 1142 multa
389 1076 508 1141 thorax
529 1075 696 1158 perfossus
720 1075 860 1159 cuspide,
884 1081 917 1140 et
939 1075 1078 1141 haerens
1156 1094 1213 1144 400

193 1164 327 1230 Loricae
349 1163 513 1230 interdum
535 1162 703 1228 Maurusia
724 1164 844 1247 pendet
866 1163 1025 1230 harundo.

193 1253 364 1319 Interdum
386 1255 512 1317 maesto
537 1252 642 1317 socios
665 1251 805 1317 clamore
829 1251 1007 1338 requirunt.

194 1341 258 1407 Hic
282 1341 396 1420 Galba,
418 1341 472 1406 hic
494 1339 570 1404 Piso
594 1345 636 1424 et,
659 1341 725 1405 leto
748 1361 816 1405 non
839 1339 956 1427 dignus
980 1342 1091 1426 inerti,

193 1429 292 1496 Curio
318 1429 485 1513 deflentur,
508 1429 619 1514 grauis
642 1429 711 1494 illie
736 1426 892 1494 Scaeuola
914 1429 1013 1496 bello,

191 1518 263 1584 Hos
286 1519 424 1604 passim;
447 1521 482 1582 at
503 1515 599 1581 Pauli
620 1517 753 1601 pariter,
776 1539 836 1582 ceu
858 1517 929 1582 dira
951 1519 1096 1602 parentis
1157 1536 1215 1586 405

192 1606 276 1673 Fata
299 1611 447 1694 gemunt:
470 1609 508 1671 ut
531 1627 609 1670 uera
631 1605 711 1669 mali
733 1606 919 1689 praesentia
942 1629 1120 1693 numquam

193 1696 338 1763 Gessarit
361 1715 475 1760 canere
499 1697 532 1758 et
554 1692 712 1758 Uarronis
735 1694 851 1758 sistere
874 1699 1027 1780 mentem,

194 1781 305 1868 thue
329 1784 414 1848 diem
437 1783 523 1847 hunc
545 1782 667 1848 totiens
689 1782 1084 1868 nequicquamauerterit
1106 1786 1193 1866 urbi,

192 1873 301 1957 Atque
324 1872 411 1936 idem
435 1874 575 1956 quantus
599 1870 722 1938 dextra.
754 1869 817 1936 Sed
841 1893 919 1936 cura
941 1872 1045 1937 futuri

193 1962 281 2039 Quos
304 1959 434 2045 premit,
458 1962 515 2024 sut
537 1959 643 2023 fossas
666 1959 794 2024 instant
816 1960 1011 2044 praeducere
1030 1961 1142 2041 muris,
1157 1979 1214 2030 410

191 2050 261 2116 Aut
282 2052 452 2133 portarum
475 2047 592 2131 aditus,
615 2051 652 2111 ut
675 2069 784 2112 rerum
807 2053 857 2114 est
879 2050 982 2134 copia,
1004 2050 1147 2116 firmant.

193 2138 331 2222 Quaque
353 2139 446 2220 patet
469 2157 602 2219 campus
626 2135 733 2217 planis
757 2137 960 2220 ingressibus
982 2138 1098 2224 hostis,

194 2225 374 2292 Geruorum
398 2223 558 2290 ambustis
581 2223 753 2288 imitantur
776 2246 899 2290 cornua
921 2227 1031 2312 ramis,

192 2315 240 2382 Et
264 2315 360 2380 stilus
384 2312 552 2393 occulitur,
575 2333 705 2376 caecum
728 2312 763 2376 in
784 2315 928 2400 uestigia
949 2316 1062 2380 telum.

108 2413 110 2418 '
238 2403 333 2485 Ecce,
356 2423 453 2486 super
477 2400 586 2465 clades
610 2404 642 2464 et
664 2421 731 2465 non
754 2403 947 2468 medicabile
970 2405 1098 2488 uulnus,
1158 2423 1216 2474 415

195 2491 361 2575 Reliquias
385 2489 464 2554 belli
488 2492 585 2572 atque
608 2488 783 2572 imperdita
806 2513 944 2576 corpora
967 2492 1085 2558 Poenis

195 2580 301 2664 Impia
323 2577 463 2643 formido
488 2599 525 2641 ac
548 2577 653 2642 maior
674 2577 820 2644 iactabat
842 2579 995 2666 Erinnys.

193 2669 298 2734 Trans
322 2687 442 2750 sequor
464 2664 582 2748 Tyrios
605 2686 698 2730 enses
722 2670 819 2752 atque
843 2691 936 2735 erma
957 2670 1122 2754 parabant

195 2756 318 2822 Punica
340 2759 374 2820 et
396 2753 613 2818 Hannibalem
637 2758 765 2820 mutato
789 2758 924 2822 euadere
948 2759 1047 2824 caelo.

194 2845 271 2911 Dux
294 2847 365 2909 erat
387 2841 483 2907 exilio
508 2842 653 2907 collectis
675 2841 782 2909 Marte
805 2844 969 2931 Metellus,
1158 2866 1216 2916 420

269 3005 321 3055 397
340 2999 459 3054 Detecto
477 3004 497 3050 1.
523 2997 657 3053 Detraeto
680 3002 725 3055 uel
746 3001 863 3056 Deterto
888 3003 933 3057 uel
955 3002 1074 3058 Deterso
1092 3005 1138 3058 uei
1155 3005 1215 3061 De-

194 3074 277 3144 repto
296 3071 432 3127 Heinsius
446 3100 479 3116 -v
494 3069 669 3140 pugnacibus
682 3077 724 3124 H
741 3073 933 3142 pugnantibus
948 3077 991 3126 ov
1059 3079 1111 3130 308
1121 3091 1216 3143 equus
1281 3111 1282 3121 .

195 3145 280 3201 Blass
319 3147 404 3197 ’399
422 3139 533 3210 Martis]
554 3139 689 3197 mortiss
761 3147 815 3198 400
834 3146 875 3197 Ac
893 3143 1029 3200 Heinsius
1091 3151 1145 3200 404
1164 3149 1215 3202 de-

196 3217 300 3271 flentur
318 3219 355 3266 (th
379 3213 498 3268 defletur
517 3216 536 3264 0
556 3243 590 3253 -
608 3211 669 3268 illie
686 3219 728 3265 121¹
750 3213 793 3268 ibi
811 3218 854 3267 0V
934 3219 987 3270 405
1006 3217 1038 3270 at
1055 3221 1078 3269 V
1097 3232 1130 3272 ee
1147 3223 1214 3272 1110
1280 3239 1281 3285 i

195 3292 249 3343 406
267 3283 439 3357 praesentia]
460 3281 546 3354 pincia
568 3289 587 3336 0
611 3283 762 3355 praesagia
779 3285 871 3340 Barth
893 3291 919 3340 et
940 3285 1059 3358 Bentley
1082 3316 1116 3328 --
1140 3289 1216 3343 dura

195 3356 266 3414 mali
284 3358 322 3412 im
345 3352 478 3411 cadentia
496 3355 581 3410 Blaes
638 3361 691 3410 408
710 3353 803 3422 thue
822 3361 859 3408 ch
881 3357 1012 3424 Atque!
1062 3363 1115 3412 410
1128 3376 1213 3428 prae·
1279 3377 1280 3380 ¹

197 3431 299 3484 ducere
346 3426 468 3482 iuineius
486 3431 511 3480 et
524 3425 659 3480 Heinsius
677 3425 858 3495 produceres
929 3427 1115 3482 clauserius
1134 3429 1215 3485 hosti

195 3501 281 3572 unlpo
340 3504 393 3553 413
412 3495 594 3552 imitantes!
618 3497 763 3551 mutantes
780 3501 824 3549 LV
846 3499 1030 3552 mutantuso
1089 3504 1144 3553 414
1162 3500 1215 3554 sti-

194 3572 240 3626 lus
259 3575 296 3622 ch
360 3575 411 3624 410
427 3565 508 3622 exilis
526 3567 675 3623 Liuineius
694 3583 728 3622 ex
745 3566 796 3622 illo
816 3568 928 3638 (Marte)
946 3568 1081 3625 Heinsius
