2632 4014
420 183 639 240 PUNIOORUM
657 183 766 238 LIBER
783 183 830 240 IX.
1068 183 1133 247 217

124 345 328 434 Longinquis
352 347 472 413 audent
494 347 610 413 iaculis
634 351 667 411 et
689 345 879 411 harundinis
902 345 977 413 ictu.

124 433 240 500 Uritur
262 435 438 520 impatiens
462 440 495 500 et
517 435 630 521 magni
653 435 800 519 corporis
824 438 917 500 aestu

123 521 196 588 Huc
220 528 318 609 atque
340 525 404 590 huc
426 524 529 590 iactas
554 525 700 590 accendit
721 524 818 588 belua
840 524 998 611 flammas,

122 610 235 678 Donec
257 613 357 678 uicini
379 613 513 678 tandem
535 635 570 678 se
593 613 736 678 fluminis
759 611 855 677 undis
1082 631 1134 681 616

122 698 339 785 Praecipitem
361 701 450 766 dedit
473 705 515 786 et,
537 701 628 767 tenui
650 702 785 786 decepta
807 701 935 785 liquore

124 787 316 874 Stagnantis
339 812 397 875 per
419 791 518 874 plana
541 791 625 875 uadi,
648 790 725 855 tulit
747 788 849 854 incita
871 791 978 876 longis

122 876 301 944 Extantem
324 879 404 964 ripis
427 879 606 964 flammam3
629 883 700 944 tum
724 877 860 962 denique
884 901 954 944 sese

125 965 273 1054 Gurgitis
296 968 467 1053 immersit,
489 969 609 1034 molem
633 967 780 1052 capiente
803 967 973 1052 profundo.

168 1055 214 1120 At
237 1079 301 1142 qua
322 1079 432 1141 pugna
456 1057 561 1141 datur,
582 1056 720 1122 necdum
742 1055 910 1122 Maurusia
931 1056 1033 1141 pestis
1085 1073 1136 1123 620

122 1141 203 1228 Igne
226 1146 319 1227 calet,
342 1145 528 1211 circumfusi
550 1145 709 1210 Rhoeteia
730 1145 834 1229 pubes

122 1229 219 1297 Nune
241 1233 366 1318 iaculis,
388 1255 473 1300 nune
497 1238 529 1299 et
552 1233 648 1319 saxis,
669 1255 755 1298 nunc
779 1234 858 1298 alite
881 1233 1016 1317 plumbo

122 1318 261 1386 Eminus
285 1322 460 1407 incessunt,
482 1327 520 1387 ut
543 1322 599 1407 qui
623 1322 759 1388 castella
781 1343 840 1406 per
864 1323 950 1388 altos

125 1407 301 1496 Oppugnat
323 1410 449 1476 munita
470 1411 560 1476 locos
584 1413 683 1495 atque
707 1409 830 1475 assidet
852 1432 951 1477 arces.

122 1496 232 1563 Ausus
256 1499 354 1584 digna
376 1499 456 1583 uiro,
479 1499 610 1564 fortuna
633 1499 732 1584 digna
756 1498 904 1583 secunda,
1084 1515 1136 1566 625

121 1585 296 1653 Extulerat
319 1589 464 1652 dextram
492 1592 590 1672 atque
620 1588 792 1653 aduersum
821 1588 1001 1654 comminus
1025 1609 1136 1654 ensem

122 1673 272 1760 Mincius,
294 1677 407 1741 infelix
430 1676 515 1762 ausi3
538 1676 595 1742 sed
619 1677 772 1759 stridulus
787 1677 941 1742 anhelum

121 1762 298 1830 Feruorem
321 1765 497 1851 effundens,
518 1766 658 1830 monstri
681 1788 796 1830 manus
820 1766 957 1832 abstulit
981 1767 1049 1832 acri

122 1851 323 1938 Implicitum
346 1875 431 1918 nexu
454 1854 588 1939 diroque
611 1854 768 1939 ligamine
791 1855 889 1920 torsit

123 1939 169 2005 Et
192 1962 327 2025 superes
351 1943 415 2006 alte
438 1943 592 2006 miaemm
615 1941 758 2007 iaculata
780 1965 839 2026 per
861 1965 956 2009 auras
1084 1959 1136 2009 660

122 2028 246 2093 Telluri
269 2029 358 2094 elisis
383 2029 509 2113 afflixit,
531 2029 649 2114 flebile,
672 2031 837 2097 membris.

168 2116 240 2183 Has
263 2119 349 2182 inter
371 2117 478 2183 clades
501 2117 572 2183 uiso
595 2116 744 2185 Uarrone
768 2120 828 2184 sub
852 2120 951 2185 armis

10 2229 11 2234 ¹
120 2204 324 2292 Increpitans
348 2206 482 2272 Paulus:
506 2205 607 2283 ‘Quin
631 2209 715 2275 imus
739 2206 942 2292 comminus‚'
964 2207 1082 2293 inquit,

123 2292 278 2361 ‘Ductori
301 2295 411 2379 Tyria,
435 2316 530 2380 quem
552 2296 700 2362 uinctum
724 2298 807 2362 colla
830 2297 953 2361 eatenis

124 2381 293 2449 Staturum
318 2387 395 2449 ante
417 2388 491 2449 tuos
514 2406 627 2450 currus
650 2385 859 2469 promisimus
882 2383 979 2448 urbi?
1084 2399 1136 2449 666

123 2470 197 2537 Heu
221 2473 337 2558 patria,
360 2472 424 2538 heu
447 2472 560 2557 plebes
585 2473 742 2538 scelerata
765 2476 798 2536 et
820 2493 923 2555 praua
946 2470 1084 2536 fauoris!

122 2559 221 2626 Haud
243 2583 397 2645 umquam
421 2561 570 2644 expedies
593 2565 662 2626 tam
685 2561 766 2624 dura
790 2564 876 2624 sorte
900 2560 1070 2644 malcrum,

125 2647 227 2724 Quem
250 2649 312 2712 tibi
335 2671 401 2712 non
424 2649 516 2714 nasci
538 2649 637 2713 fuerit
659 2670 717 2732 per
738 2651 818 2713 uota
840 2648 1024 2734 petendum,

122 2736 303 2802 Uarronem
327 2735 590 2800 Hannibalemne
613 2735 741 2822 magis?
770 2735 857 2801 Dum
880 2736 962 2801 talia
983 2735 1115 2822 Paulus,

121 2824 227 2910 Urget
249 2823 436 2910 praecipitis
459 2823 558 2908 Libys
582 2827 679 2910 atque
702 2825 737 2889 in
760 2828 855 2911 terga
876 2828 1027 2891 ruentum
1085 2842 1137 2893 646

122 2913 209 2978 Ante
233 2913 344 2980 oculos
368 2915 499 2979 cunetas
523 2913 667 2979 ductoris
690 2913 834 2980 concitat
855 2913 977 2980 hastas.

195 3128 249 3178 614
265 3123 472 3193 6666161661
577 3127 628 3177 619
647 3123 830 3195 immergit}¹
933 3126 1047 3249 tltuffl
1066 3132 1137 3180 nes

123 3193 343 3251 cauassidetcm
357 3197 373 3250 l.
384 3195 402 3248 l.
417 3197 481 3247 nov
501 3194 655 3278 absidstr·
665 3194 777 3277 obsidet
794 3195 879 3267 culpo
952 3201 1004 3251 626
1043 3199 1134 3279 extre3

121 3266 440 3405 idiisfflmdixldmcbqid
452 3271 482 3405 b.
497 3267 801 3404 addititii&
813 3267 1018 3393 diliencidlv
1027 3265 1135 3392 dliii

122 3414 174 3464 666
193 3409 385 3476 scelerataque
406 3413 422 3460 6
500 3413 551 3462 637
571 3408 705 3480 expies?
791 3414 843 3465 639
862 3407 1135 3479 Hannibalemn,

120 3476 656 3561 atcoathatlepHannibalemuewv
689 3477 938 3551 640praecipitich
984 3481 1035 3532 641
1044 3477 1136 3550 Atque

121 3551 218 3605 oculos
232 3555 269 3603 ch
287 3581 321 3591 —
340 3551 450 3605 mactes
468 3549 603 3606 Heinsius

731 3610 933 3764 Α
