2632 4014
204 170 271 236 206
601 170 672 226 sm
690 169 823 227 ITAthl

202 332 341 417 Expirat
362 354 421 418 per
444 355 523 398 saxa
546 355 644 398 sonos
668 337 767 416 atque
790 336 864 398 acta
887 333 1035 398 cauernis
1168 351 1223 400 285

204 421 348 506 Torquet
371 421 581 486 anhelantem
604 423 771 507 spumanti
793 421 915 487 uertice
937 426 1085 507 pontum.

247 509 315 574 Nec
338 532 426 588 uero,
448 509 511 574 fati
533 515 603 575 tam
627 531 723 575 saeuo
747 511 782 574 in
804 510 944 596 turbine,
967 511 1074 576 solum

202 597 376 664 Terrarum
399 599 464 664 fuit
485 599 542 663 ille
564 599 672 682 labor,
694 598 855 664 discordia
878 600 1009 664 demens

202 686 345 752 Intrauit
368 688 458 752 caelo
482 708 679 771 superosque
704 687 745 752 ad
767 688 855 752 bolla
879 687 996 771 coegit.

203 775 288 840 Hinc
311 775 453 858 Mauors,
475 776 551 840 hinc
575 773 753 840 Gradiuum
776 777 950 842 comitatus
973 776 1093 860 Apollo
1168 795 1223 844 290

201 864 246 928 Et
270 864 411 930 domitor
433 864 551 929 tumidi
573 868 700 950 pugnat
722 864 834 950 maris3
858 865 935 930 hinc
959 864 1069 930 Uenus
1095 888 1223 952 amens,

200 952 287 1017 Hinc
310 953 412 1018 Uesta
435 957 476 1037 et,
499 956 614 1037 captae
637 953 823 1019 stimulatus
847 953 943 1019 caede
968 953 1115 1041 Sagunti,

201 1042 524 1128 Amphitryoniades,
545 1041 668 1125 pariter
690 1043 877 1107 ueneranda
900 1042 1023 1127 Cybele

200 1133 431 1217 Indigetesque
455 1131 506 1195 dei
528 1129 726 1215 Faunusque
751 1136 904 1216 satorque
928 1130 1081 1207 Quirinus

205 1222 424 1304 Alternusque
448 1220 575 1284 animae
598 1223 725 1283 mutato
750 1217 885 1286 Castore
907 1221 1032 1286 Pollux.
1166 1239 1221 1290 295

204 1309 327 1376 Oontra
346 1312 453 1374 cincta
476 1309 563 1373 latus
585 1307 672 1372 ferro
697 1305 852 1372 Saturnia
875 1308 957 1375 Iuno

200 1398 246 1464 Et
268 1398 391 1481 Pallas,
414 1397 546 1481 Libycis
569 1395 756 1461 Tritonidos
780 1397 867 1462 edita
889 1397 1042 1483 lymphis,

201 1489 250 1553 Ac
272 1487 400 1572 patrius
423 1485 516 1552 flexis
538 1506 596 1568 per
619 1488 769 1568 tempora
792 1485 943 1551 cornibus
969 1485 1136 1554 Hammon

199 1574 368 1659 Multaque
391 1579 559 1658 praeterea
583 1572 732 1637 diuorum
755 1575 852 1638 turba
874 1575 1045 1640 minorum.

200 1663 344 1740 Quorum
367 1663 423 1728 ubi
444 1662 530 1726 mole
554 1661 651 1725 simul
670 1662 859 1726 uenientum
882 1669 916 1726 et
935 1665 1099 1748 gressibus
1128 1667 1219 1733 alma

197 1752 372 1816 Intremuit
394 1751 505 1833 tellus;
529 1771 605 1832 pars
628 1750 804 1832 impleuere
827 1753 1026 1836 propinquos
1162 1773 1217 1821 301

198 1839 306 1904 Diuisi
328 1843 467 1922 montes,
489 1860 566 1922 pars
591 1838 700 1902 sedem
722 1840 809 1904 nube
833 1840 892 1904 sub
917 1841 986 1905 alta

199 1927 377 2013 Ceperunt,
400 1949 503 1992 uacuo
526 1927 716 1992 descensum
740 1928 781 1992 ad
803 1927 929 2012 proelia
953 1930 1052 1996 caelo.

244 2017 420 2082 Tollitur
411 2037 588 2080 immensus
611 2015 739 2079 deserta
762 2016 802 2080 ad
826 2017 932 2082 sidera
955 2019 1088 2105 clamor,

198 2104 388 2192 Phlegraeis
401 2109 513 2207 quant
515 2127 550 2168 as
500 2103 688 2168 teffudit
712 2105 751 2168 ad
776 2105 909 2170 aethera
932 2129 1028 2172 uoces
1162 2127 1214 2175 303

198 2194 407 2280 Terrigena
398 2215 431 2256 1n
455 2191 579 2277 campis
603 2192 778 2276 exercitus3
801 2198 858 2258 aut
881 2199 973 2260 sator
996 2197 1076 2279 aeui,

198 2283 328 2360 Quanta
352 2280 513 2366 Cyclopas
536 2302 622 2344 noua
645 2281 783 2346 fulmina
806 2304 885 2346 uoce
907 2246 1076 2385 poposcit,

197 2371 331 2457 Iupiter,
355 2369 510 2435 extructis
533 2369 618 2434 uidJ't
641 2391 714 2432 cum
739 2377 830 2434 mont
816 2371 937 2436 tibus
928 2395 975 2436 rre

196 2459 424 2546 Magnanimos
448 2464 579 2541 raptum
603 2457 757 2522 caelestia
779 2480 881 2544 regna
905 2461 1068 2546 gigantas.

196 2548 265 2614 Nec
287 2570 365 2612 uero
388 2547 495 2632 prima
517 2546 551 2610 in
574 2547 676 2610 tantis
700 2547 909 2612 concursibus
932 2549 1028 2614 hasta
1159 2570 1215 2619 310

198 2637 277 2702 Ulla
299 2636 370 2701 fuit.
395 2635 535 2700 stridens
558 2633 689 2698 nimbus
714 2638 857 2700 certante
880 2637 990 2702 furore

200 2725 353 2789 Telorum
377 2724 473 2789 simul
496 2723 626 2806 effusus,
649 2722 848 2808 cupidaeque
871 2727 995 2792 cruoris

195 2813 282 2879 Hinc
307 2817 404 2897 atque
428 2813 504 2878 hinc
527 2811 654 2876 animae
678 2811 808 2896 gemina
831 2813 973 2878 cecidere
996 2817 1152 2898 procella.

196 2902 346 2967 Acrius
337 2923 473 2966 msanus
497 2901 572 2964 dext
574 2922 611 2964 ra
634 2922 698 2983 qua
721 2899 807 2964 ducit
794 2909 847 2965 tur
871 2903 966 2985 ensis,

266 3045 318 3094 283
337 3037 457 3093 Intrauit
476 3039 555 3094 caelo
574 3043 656 3090 cunr
680 3038 814 3092 Luctauit
832 3044 875 3091 ov
991 3047 1044 3096 390
1062 3057 1162 3096 mauor
1179 3051 1211 3114 1.

195 3117 268 3167 atu.
283 3116 338 3166 357
410 3117 462 3164 293
482 3108 614 3179 Cybeben
632 3109 812 3190 Rapertc'oefi
833 3109 924 3166 VIII.
940 3116 1008 3180 363)
1073 3117 1125 3168 391
1145 3088 1211 3168 Tri-¹

194 3181 306 3238 tonidos
331 3186 412 3234 om
453 3181 604 3234 titronidos
633 3187 652 3232 0
691 3179 848 3235 tridonidos
875 3187 898 3234 V
935 3182 1098 3265 Tritonidos
1122 3186 1210 3255 ualyo

194 3261 246 3310 303
266 3253 425 3307 discensum
444 3257 502 3305 0111
519 3253 564 3318 (T.
576 3268 606 3320 p.
620 3254 690 3317 188)
781 3252 859 3306 301“
850 3269 1003 3308 immensus
1023 3253 1098 3307 ov
1089 3271 1209 3310 rmmen-

195 3343 240 3380 sos
258 3329 299 3377 1AE
399 3328 451 3378 301
470 3323 604 3376 effodite
630 3321 849 3404 effunditaalyo
945 3331 996 3380 303
1016 3325 1147 3396 gigantas
1166 3332 1210 3382 Π

195 3396 325 3466 gigantes
344 3399 387 3447 ov
486 3399 537 3447 312
556 3392 737 3474 rapinaeque,
746 3398 765 3445 0
789 3392 960 3464 rabidaeque
979 3397 1038 3453 eda.
1057 3398 1210 3454 nonnullae

192 3473 256 3522 14311.
329 3470 383 3520 314
401 3464 466 3520 Acri
485 3466 530 3518 ast
547 3466 592 3518 cel
610 3463 662 3544 Ast
680 3462 739 3518 acri
757 3464 892 3520 Heiaa'as
910 3466 951 3521 Ac
970 3466 1100 3537 prius-
1120 3484 1208 3536 quam

195 3537 305 3593 Gronov
328 3543 353 3593 et
370 3537 520 3592 Bcrmcaa
542 3535 584 3588 Ao
601 3533 678 3604 prior
695 3535 832 3591 Schrader
