2632 4014
189 179 253 245 172
588 180 657 234 SILI
675 180 806 235 ITALIOI

186 341 273 408 Eece
299 346 407 407 autem
431 364 448 407 1
472 342 579 406 media
600 343 666 408 iam
690 347 795 408 morte
818 346 932 408 renata
953 342 1114 425 iuuentus,
1208 343 1211 348 '

188 428 372 497 Clamorem
394 431 515 495 tollens
539 431 581 494 ad
604 431 711 496 sidera
734 435 767 495 et
789 431 901 497 ordine
924 432 1024 516 longo
1168 433 1170 436 ’

186 517 264 584 Ibat
287 541 389 585 ouans
408 518 610 602 Fabiumque
634 519 730 585 decus
754 519 956 603 Fabiumque
979 520 1118 584 salutem

188 607 347 673 Certatim
370 611 403 673 11
426 629 546 692 magna
569 610 796 673 memorabant
819 629 898 674 uoce
921 612 1099 693 parentem.
1152 623 1205 672 '135

187 695 280 777 Tum,
303 697 365 781 qui⁸
382 696 514 780 partitis
539 696 719 761 dissederat
744 700 820 760 ante
844 697 1011 781 maniplis:

188 783 346 870 ‘Sanctq'
369 785 426 868 ait,
450 783 481 850 ‘o
505 785 644 870 genitor,
667 789 821 850 reuocato
844 785 884 849 ad
907 785 988 849 lucis
1012 784 1170 848 honorem

189 871 224 938 Si
246 873 297 938 fas
320 869 398 937 uera
421 873 521 957 queri,
546 895 603 938 our
625 874 719 938 nobis
743 877 850 938 castra
873 869 1024 956 uirosque

189 961 343 1026 Diuidere
368 965 418 1026 cst
441 961 591 1026 licitum?
614 963 743 1046 patiens
767 983 823 1026 cur
847 983 937 1026 arma
959 961 1084 1044 dedisti,

189 1047 277 1124 Quae
302 1051 390 1128 solus
414 1049 535 1114 rexisse
558 1051 671 1114 uales‘?
694 1051 757 1115 hoe
780 1071 912 1114 munere
935 1051 1020 1133 lapsi
1151 1065 1205 1115 ‘140

188 1137 350 1203 Aeternas
374 1139 477 1203 multo
502 1160 576 1202 cum
600 1139 757 1224 sanguine
780 1138 921 1203 uidimus
944 1139 1086 1202 umbras.

188 1227 286 1291 Ocius
310 1226 374 1291 huo
398 1226 525 1311 aquilas
550 1233 740 1312 seruataque
764 1227 858 1312 signa
881 1225 1010 1292 referte.

188 1313 252 1380 Hic
275 1315 383 1398 patria
406 1320 464 1397 est,
487 1317 636 1399 murique
659 1315 750 1380 urbis
774 1318 863 1380 stant
886 1319 1017 1398 pectore
1039 1313 1074 1378 in
1097 1335 1172 1380 uno.

192 1402 304 1488 Tuque
329 1403 431 1481 dolos,
454 1403 576 1486 Poene,
599 1409 697 1488 atque
721 1407 812 1468 astus
835 1403 966 1468 tandem
991 1424 1071 1466 exue
1093 1407 1206 1487 notos3

114 1554 117 1560 .
191 1491 274 1557 Oum
297 1493 367 1556 solo
390 1491 453 1555 tibi
475 1492 541 1556 iam
564 1491 667 1556 Fabio
691 1497 767 1556 sunt
789 1493 876 1557 bella
899 1491 1061 1578 gerenda?
1152 1507 1205 1556 741

233 1579 323 1644 Η111
346 1580 403 1646 ubi
426 1580 511 1644 diota
533 1580 630 1662 dedit,
653 1581 743 1644 mille
767 1581 852 1664 hinc,
875 1580 1059 1644 uenerabile
1081 1579 1163 1662 uisu,

193 1666 343 1752 Caespito
367 1668 405 1732 de
429 1667 526 1731 uiridi
550 1672 689 1753 surgunt
710 1668 962 1753 properantibus
987 1690 1071 1735 arae.

189 1754 260 1820 Nec
282 1756 373 1839 prius
397 1759 453 1820 aut
477 1756 598 1838 epulas,
623 1760 681 1820 aut
704 1778 836 1821 munera
860 1761 954 1842 grata
976 1756 1080 1841 Lyaei

189 1842 254 1908 Fas
278 1843 426 1928 cuiquam
450 1843 598 1928 tetigisse
621 1843 694 1929 fuit,
718 1867 816 1928 quam
839 1845 943 1910 multa
965 1849 1115 1930 precatus
1241 1843 1245 1850 ’

190 1930 228 1995 In
252 1953 398 1996 mensam
411 1931 522 1996 ¹Fabio
547 1953 675 1996 sacrum
698 1933 817 1997 libauit
839 1933 1006 1999 honorem.
1152 1949 1206 1998 711

590 2129 803 2136 .----.-——-—

537 2287 637 2360 SILI
672 2289 865 2362 ITALICI

393 2407 1000 2528 Punicorum

547 2617 656 2671 orcae
675 2603 863 2672 cernuus

190 2778 319 2843 Primus
345 2779 569 2866 Agenoridum
594 2779 740 2844 cedentia
763 2784 857 2864 terga
881 2779 989 2846 uidere

191 2867 353 2932 Aeneadis
377 2867 510 2932 dederat
532 2867 663 2932 Fabius.
686 2867 836 2932 Romana
857 2871 1026 2951 parentem

80 3007 83 3012 .
192 2952 304 3021 Solum
329 2959 438 3021 castra
461 2960 588 3039 uocant,
612 2957 717 3020 solum
741 2961 838 3021 uocat
862 2955 1027 3020 Hannibal
1049 2955 1177 3020 hostem

190 3043 433 3128 Impatiensque
456 3067 566 3108 morae
589 3044 711 3109 fremit:
737 3049 774 3109 ut
797 3045 841 3109 sit
863 3045 957 3128 copia
978 3042 1106 3126 Martia,

191 3131 402 3215 Expectando
424 3132 486 3196 uiri
508 3132 579 3198 fata
611 3132 850 3217 optandumque
874 3133 934 3196 sub
958 3134 1058 3198 armis
1188 3147 1205 3195 5

191 3219 367 3286 Parcarum
391 3220 560 3305 auxilium3
583 3243 733 3305 namque,
755 3221 816 3286 bac
839 3223 982 3306 spirante
1005 3225 1142 3304 senecta,

262 3400 313 3450 731
332 3395 527 3450 memorabant
540 3400 577 3447 011
708 3401 759 3450 736
779 3395 937 3451 dissederat
951 3401 995 3446 cm
1009 3395 1026 3449 1.
1042 3395 1059 3449 1.
1073 3399 1094 3445 r
1115 3392 1205 3450 disce·

190 3465 274 3521 derat
291 3470 357 3518 Lov
374 3465 421 3530 (T.
432 3482 462 3535 p.
476 3470 534 3522 221
551 3469 660 3534 11226)
708 3471 758 3521 737
778 3468 999 3521 reuocatocrnl.
1014 3467 1031 3519 t.
1074 3469 1205 3534 7471111-

189 3536 353 3608 perantibus
372 3543 397 3605 s,
416 3543 448 3592 ut
465 3539 533 3592 coci.
553 3536 704 3592 Liuineius
721 3538 916 3607 properantius
935 3539 1020 3608 aalys
