2632 4014
182 125 249 192 200
584 124 652 180 sni
670 125 807 181 immor

183 287 424 373 Fraternusque
448 288 569 372 procul,
593 288 671 352 luna
693 288 860 371 prodente,
882 287 1000 352 retexit

181 377 268 442 Ante
292 378 402 442 oculos
427 398 495 440 aesc
520 379 553 440 et
575 376 717 441 radiauit
739 377 919 442 comminus
943 377 1053 456 umbe,

181 465 355 531 Exclamat
377 466 514 547 iuuenis,
538 465 648 530 subita
671 465 857 530 flammatus
881 466 923 530 ab
946 465 1009 529 ira:
1148 482 1204 532 110

184 552 279 619 ‘Non
301 554 363 620 sim
383 554 530 638 equidem
554 553 709 618 Sulmone
733 558 823 618 satus
842 558 909 636 tua,
933 552 1067 639 Satrico,
1089 555 1204 640 proles

181 641 251 708 Nec
274 643 385 728 frater,
407 641 566 728 Mancino,
588 647 664 706 tuus
687 642 855 726 fatearque
878 648 1029 726 nepotem

183 730 363 817 Pergameo
386 731 557 817 indignum
582 728 716 814 Solimo,
739 731 767 795 si
791 731 925 796 euadere
949 731 1043 797 detur
1077 729 1080 735 ’

181 819 269 886 Huic
290 823 421 886 nostras
445 820 576 904 impune
600 841 724 884 manus.
747 823 785 884 tu
807 819 917 884 nobile
940 823 1050 905 gestes

182 907 336 974 Germani
359 908 499 993 spolium
523 912 597 972 ante
621 909 733 974 oculos
756 908 942 992 referasque
966 908 1114 993 superba,
1147 925 1201 975 115

181 997 235 1062 Me
261 998 414 1082 spirante,
439 997 553 1062 domus
576 995 732 1081 Pelignae
755 997 897 1080 perfidus
922 997 1035 1062 arma?

180 1085 272 1151 Haec
294 1086 366 1170 tibi,
389 1107 465 1150 cara
488 1107 605 1168 parens
631 1083 724 1170 Acca,
749 1086 788 1149 ad
814 1085 933 1150 solatia
955 1087 1062 1150 luctus

180 1173 276 1249 Dona
297 1173 409 1259 feram,
431 1175 501 1238 nati
524 1177 561 1238 ut
583 1174 667 1260 figas
691 1177 822 1239 aeterna
846 1173 1016 1258 sepulcro'

181 1262 274 1328 Talia
296 1261 481 1328 uociferans
506 1262 621 1327 stricto
645 1284 797 1327 mucrone
819 1262 944 1328 ruebat.

224 1351 289 1416 Ast
311 1351 360 1416 illi
382 1351 448 1415 iam
471 1351 539 1416 tela
562 1373 661 1416 manu
683 1351 812 1434 iamque
837 1373 927 1415 arma
949 1350 1103 1433 fluebant,
1146 1368 1201 1418 120

179 1437 303 1505 Audita
326 1439 432 1524 patria
453 1440 602 1524 natisque
626 1444 658 1504 ct
681 1439 818 1525 coniuge
842 1444 875 1504 et
899 1440 1013 1525 armis,

181 1527 231 1592 Ac
254 1529 402 1593 membra
424 1532 457 1592 et
481 1549 593 1592 sensus
618 1528 745 1612 gelidus
770 1529 986 1612 stupefecerat
1008 1528 1134 1593 horror.

179 1617 263 1681 Tum
286 1639 351 1682 uox
373 1616 545 1680 semanimi
568 1615 751 1681 miseranda
775 1617 949 1682 effunditur
974 1638 1042 1682 ore:

181 1704 306 1786 ‘Parce
330 1726 453 1788 precor,
477 1705 619 1786 dextrae,
642 1725 709 1769 non
731 1709 769 1769 ut
792 1705 874 1770 mihi
896 1709 966 1770 uita
991 1706 1142 1790 supersit,

181 1793 365 1878 -Quippe
384 1793 474 1856 nefas
494 1793 555 1857 hac
578 1793 664 1856 uelle
687 1793 754 1858 frui
769 1831 810 1840 -
826 1795 882 1878 sed
902 1795 1059 1878 sanguine
1081 1798 1199 1860 nostro

179 1879 231 1945 Ne
255 1881 397 1965 damnes,
420 1903 438 1946 o
461 1884 548 1960 nate,
572 1902 696 1945 manus.
720 1879 930 1968 Carthaginis
953 1883 1007 1946 ille
1144 1899 1198 1949 126

181 1967 348 2054 Captiuus,
370 1970 494 2052 patrias
518 1991 604 2034 nunc
626 1971 768 2054 primum
792 1971 946 2035 aduectus
968 1971 1004 2034 in
1027 1992 1111 2054 cras,

179 2057 240 2122 Ille
264 2079 325 2144 ego
349 2080 421 2122 sum
446 2056 608 2142 Satricus,
632 2057 748 2123 Solimi
772 2079 883 2143 genus.
905 2059 992 2124 haud
1015 2063 1086 2142 tua,
1108 2063 1199 2144 nate,

179 2145 284 2212 Fraus
308 2147 375 2212 ulla
398 2153 457 2210 est.
479 2147 601 2212 iaceres
624 2147 659 2210 in
681 2169 733 2212 me
757 2170 831 2212 cum
854 2148 1000 2212 feruidus
1024 2147 1165 2231 hastam,

178 2233 307 2301 Poenus
332 2257 432 2300 eram.
453 2258 578 2322 uerum,
601 2234 719 2301 castris
744 2237 873 2318 elapsus
898 2236 1031 2319 acerbis
1144 2253 1199 2302 130

179 2323 232 2390 Ad
255 2347 314 2390 uos
338 2330 370 2389 et
393 2346 486 2390 carae
509 2324 723 2408 properabam
743 2324 890 2408 coniugis
914 2347 981 2390 ora.

179 2412 276 2478 Hunc
298 2413 392 2497 rapui
416 2412 557 2477 exanimi
581 2413 736 2498 clipeum3
759 2413 814 2476 sed
838 2413 913 2498 iam,
935 2413 1028 2478 unice
1051 2413 1157 2498 nobis,

178 2500 268 2566 Haec
291 2501 401 2579 fratris
424 2501 559 2566 tumulis
584 2524 675 2566 arma
698 2505 850 2566 excusata
873 2505 1013 2586 reporta.

180 2588 339 2654 durarum
362 2590 424 2653 tibi
447 2591 553 2674 prima
575 2594 686 2654 tamen
710 2591 762 2673 sit,
782 2595 868 2673 nate,
890 2589 1012 2654 referre

178 2677 314 2743 Ductori
336 2679 479 2744 monitus
501 2677 614 2764 Paulo,
636 2679 811 2763 producere
835 2679 959 2742 bellum
1139 2695 1195 2744 135

178 2765 314 2832 Nitatur
336 2765 508 2850 Poenoque
530 2771 630 2852 neget
654 2768 831 2832 certamina
853 2765 980 2832 Martis.

178 2856 328 2942 Augurio
352 2857 479 2921 exultat
503 2856 614 2920 diuum
636 2857 893 2940 immensamque
917 2855 1099 2940 propinqua

252 3068 303 3118 111
319 3064 373 3118 sim
383 3071 427 3116 cm
437 3064 493 3133 Ep.
507 3069 546 3119 86
560 3070 601 3117 LE
626 3082 685 3119 sum
702 3070 753 3134 ov,
771 3069 802 3120 al
821 3065 890 3120 eoai.
905 3065 938 3118 L.
954 3064 1073 3120 Mueller
1086 3065 1112 3120 d.
1123 3082 1146 3119 r.
1158 3083 1197 3124 m.

178 3151 207 3206 p.
221 3138 278 3191 284
329 3139 380 3189 112
393 3133 540 3202 fatearque
556 3141 571 3188 Β
589 3134 737 3204 fateorque
755 3137 840 3206 culpo
883 3136 982 3190 114sic
996 3141 1040 3188 cm
1054 3136 1070 3189 l.
1086 3137 1103 3190 l.
1119 3135 1198 3192 Hinc

179 3205 312 3262 nostrai.
333 3211 470 3261 manqu
489 3205 693 3261 Hincueetrai.
708 3225 744 3262 m.
760 3211 802 3259 ov
854 3205 1038 3260 117Haec111
1050 3206 1197 3261 Necov—

177 3277 255 3333 Acca
274 3281 318 3329 cm
336 3277 353 3332 l.
373 3277 383 3331 l
411 3281 475 3332 acta
495 3283 511 3329 5
642 3282 693 3331 123
713 3275 781 3331 (lum
801 3283 819 3330 0
840 3308 872 3317 -
891 3275 1038 3332 semanimi
1057 3282 1094 3330 ch
1113 3279 1199 3333 semi-

179 3347 303 3403 animi!
365 3353 415 3402 125
435 3349 488 3402 hac
506 3353 548 3400 1111
567 3349 620 3402 hoc
639 3353 682 3400 ov
738 3350 965 3403 127auectus1‘
1029 3353 1197 3404 130uerum

177 3422 210 3473 ut
227 3419 350 3490 Scalipcr
512 3425 561 3473 132
581 3417 663 3473 unice
682 3423 724 3471 ov
747 3421 829 3474 imile
847 3425 867 3472 1.
893 3435 1114 3475 neocororum.
1132 3425 1147 3475 1
1163 3423 1199 3478 io

175 3489 296 3545 unicer
370 3495 420 3544 133
441 3506 549 3544 armaa
569 3505 613 3544 me
632 3492 716 3545 exuta
735 3491 825 3558 Blass,
844 3491 891 3546 scd
909 3491 943 3557 cf.
963 3507 991 3546 a.
1010 3494 1064 3544 146
