2632 4014
439 175 655 232 PUNICORUM
672 177 780 233 LIBER
798 177 831 232 X.
1071 179 1137 244 219

125 337 179 405 Ad
201 339 306 404 manis
330 338 460 425 deferte,
483 339 555 404 uiri.
578 341 643 405 nisi
666 341 772 426 gloria
795 341 921 425 mortis,

125 427 183 493 Nil
206 434 362 513 superest.
385 429 472 493 idem
496 428 588 494 sedes
612 430 805 494 adeuntibus
828 429 912 494 imas

124 515 188 582 Hic
210 517 305 582 uobis
328 517 392 582 dux
414 515 534 582 Paulus
558 516 642 582 erit?
679 515 832 583 Uelocius
855 519 929 583 inde
1107 535 1141 584 ιο

125 604 307 672 Haemonio
330 604 437 671 Borea
460 627 628 690 pennaque
652 606 782 672 citatior
804 606 885 691 ibat,

128 692 216 770 Quae
240 694 324 760 redit
347 695 382 758 in
404 715 531 780 pugnas
554 694 711 780 fugientis
734 695 917 760 harundine
941 695 1074 779 Parthi,

125 784 233 868 Atque
256 783 312 847 ubi
336 787 500 847 certamen
524 783 621 866 primi
644 783 708 848 ciet
730 784 903 850 immemor
925 784 1006 867 aeui,

124 870 243 936 Plenus
268 870 410 937 Gradiuo
434 874 587 956 mentem,
611 870 702 952 (isto,
725 872 830 937 fertur
852 873 886 937 in
908 871 1014 937 hostis

128 960 177 1025 Ac
199 961 360 1045 iuuenem,
383 982 478 1044 quem
501 958 610 1026 Uasco
633 961 730 1045 leuis,
754 983 849 1046 quem
874 961 998 1044 spicula
1021 960 1139 1026 densus

126 1047 290 1115 Cantaber
313 1050 461 1134 urgebat,
484 1049 640 1114 letalibus
664 1049 760 1134 eripit
783 1049 890 1115 armis.
1107 1067 1140 1117 16

126 1135 324 1202 Abscessere
347 1141 435 1203 retro
459 1137 634 1222 pauidique
658 1138 693 1201 in
715 1143 810 1224 terga
832 1139 955 1204 relatos

125 1224 301 1293 Abduxere
325 1227 453 1312 gradus.
477 1230 523 1310 nt,
546 1226 652 1290 laetus
678 1227 760 1292 ualle
784 1230 908 1292 remota

124 1312 208 1379 Cum
231 1337 382 1399 capream
404 1318 542 1378 uenator
565 1315 635 1400 agit
657 1315 842 1400 fessamque
865 1315 1049 1401 propinquo

122 1402 310 1489 Insequitur
333 1424 429 1468 eursu
453 1406 485 1466 et
509 1405 621 1486 sperat
643 1403 709 1468 iam
732 1407 868 1488 tangere
892 1405 1014 1484 dextra,
1104 1419 1139 1470 20

126 1489 160 1556 Si
181 1492 270 1557 ferus
294 1492 430 1556 aduerso
455 1491 600 1556 subitum
624 1514 658 1557 se
680 1493 820 1576 protulit
844 1497 939 1559 antro

123 1579 168 1644 Et
191 1582 283 1645 stetit
306 1584 381 1645 ante
405 1581 516 1646 oculos
541 1580 689 1646 frondens
713 1582 779 1647 leo:
803 1582 924 1647 deserit
945 1603 1011 1646 una

123 1668 169 1733 st
192 1670 281 1735 color
305 1673 338 1734 et
361 1669 494 1754 sanguis
518 1673 552 1733 et
575 1669 642 1735 tela
665 1669 792 1736 minora
814 1671 943 1754 periclo,

124 1755 193 1822 Nec
215 1759 281 1822 iam
304 1762 453 1843 speratae
476 1780 554 1823 cura
577 1761 627 1822 est
649 1758 685 1822 in
707 1765 838 1842 pectore
861 1758 1009 1844 praedae.

123 1844 220 1912 Nunc
243 1847 277 1911 in
299 1847 455 1912 restantis
480 1868 666 1911 mucronem
690 1848 870 1912 comminus
893 1850 999 1934 urget,
1103 1861 1137 1911 25

124 1932 220 2000 Nunc
243 1935 387 2019 trepidos
411 1957 449 1999 ac
472 1938 567 2021 terga
590 1935 678 1999 mala
702 1935 874 2001 formidine
897 1958 1010 2001 uersos

124 2021 324 2108 Assequitur
346 2023 430 2088 telis.
453 2023 560 2087 furere
585 2045 622 2088 ac
645 2023 797 2089 decorare
820 2025 951 2091 labores

122 2111 169 2176 Et
193 2112 318 2177 saeuire
340 2111 447 2196 iuuat3
471 2111 559 2176 cadit
580 2111 696 2198 ingens
719 2113 861 2178 nominis
886 2135 1000 2197 expers

122 2197 190 2264 Uni
212 2201 310 2266 turba
333 2202 423 2284 uiro,
448 2204 546 2284 atque
570 2201 654 2266 alter
678 2202 706 2266 si
729 2203 824 2267 detur
845 2202 880 2266 in
904 2200 1002 2266 armis

122 2287 245 2354 Paulus
269 2289 453 2372 Dardaniis,
477 2290 631 2354 amittant
653 2290 787 2360 uomina
810 2289 950 2355 Cannae.
1105 2305 1139 2354 30

167 2376 311 2442 Tandem
334 2377 491 2443 inclinato
514 2399 615 2442 cornu
639 2378 708 2442 sine
731 2399 821 2442 more
844 2377 960 2442 ruebat

122 2463 234 2531 Prima
257 2466 351 2550 acies,
373 2487 440 2531 non
461 2487 560 2550 parca
583 2467 688 2550 fugae.
717 2465 880 2531 Labienus
904 2469 937 2529 et
960 2463 1058 2530 Ocres

125 2551 322 2619 Sternuntur
345 2556 411 2619 leto
436 2560 533 2637 atque
557 2553 680 2638 Opiter,
703 2575 785 2638 quos
810 2553 900 2619 Setia
923 2553 1005 2618 colle

123 2640 274 2728 Uitifero,
296 2643 391 2706 celsis
415 2641 597 2707 Labienum
621 2640 759 2726 Cingula
783 2663 861 2706 saxa

120 2729 285 2796 Miserunt
307 2730 417 2795 muris.
439 2729 545 2793 iunxit
567 2730 637 2795 fera
659 2735 809 2814 tempora
832 2730 891 2796 leti
1105 2749 1139 2796 35

124 2818 275 2884 sidonius
297 2841 365 2885 non
388 2818 549 2884 consimili
572 2818 756 2884 discrimine
781 2819 887 2885 miles:

122 2905 208 2973 Nam
231 2907 393 2974 Labienus
417 2907 487 2972 obit
509 2910 700 2991 penetrante
724 2929 782 2993 per
804 2908 861 2973 ilia
883 2929 995 2994 corn03

121 2995 266 3082 Fratres,
287 2996 340 3062 hic
363 2997 509 3081 humero,
532 2996 683 3082 cecidere,
706 2997 760 3063 hio
783 2997 918 3083 poplite,
942 2997 1056 3063 caesis.

192 3195 209 3245 8
228 3189 344 3245 deferte.
363 3189 446 3258 uiris,
465 3208 492 3244 n.
511 3189 661 3244 Burrum
784 3195 817 3244 10
836 3190 962 3244 uelocior
986 3190 1097 3256 Wutof
1111 3195 1136 3246 et

123 3259 214 3317 Ooiite
232 3263 269 3316 ad
286 3261 393 3317 husu.
408 3261 434 3316 1.
450 3264 509 3317 229
584 3265 617 3314 14
635 3260 738 3315 Plenus
753 3262 798 3316 uel
815 3259 900 3315 Fetus
915 3261 1052 3316 Heinsius
1070 3261 1138 3318 Poe·

124 3350 176 3386 nur
195 3337 256 3384 chr
274 3331 365 3386 Penus
383 3337 448 3386 ιον
558 3335 591 3385 15
610 3332 692 3387 uasto
711 3335 776 3385 nov
794 3336 918 3386 nascar
937 3361 971 3372 -
991 3330 1083 3386 densis
1103 3337 1140 3384 ch

122 3404 242 3457 densans
260 3403 408 3458 IAuiueius
427 3403 546 3457 densans
565 3401 700 3458 Heinsius
784 3408 817 3457 ls
836 3402 985 3457 Adduxere
1003 3402 1139 3458 Heinsius

123 3480 157 3529 82
178 3473 262 3529 Ocres
281 3473 417 3528 Heinsius
444 3479 559 3529 aerest
587 3473 665 3535 Ocris
683 3474 768 3545 uuiyo
864 3479 898 3528 37
918 3488 1002 3527 corno
1023 3478 1059 3526 on
1077 3489 1138 3528 cor·

123 3562 181 3601 non
198 3550 239 3597 L!
257 3560 344 3600 cornu
358 3548 401 3598 ov
419 3545 468 3612 (cf.
482 3561 509 3600 u.
516 3540 816 3714 utpoplite
837 3542 926 3598 caesis
941 3548 978 3596 cn

847 3914 869 3951 k
