2596 4010
189 157 233 224 82
590 157 658 212 s1L1
674 157 810 214 lTALIGl

192 320 287 404 Tum,
310 321 481 386 stimulans
505 325 598 406 grato
622 323 755 405 plausae
778 321 911 388 ceruicis
934 321 1067 406 honore,

191 407 973 496 Oomipedemnlloquitur:‘UulgumMartemqne
982 411 1144 478 minorem
1154 428 1212 479 266

189 497 277 583 Mox,
301 497 469 584 Gargane3
492 505 611 565 uocant
634 500 742 583 superi
765 500 806 564 ad
828 499 961 566 maiora.
984 499 1129 585 uidesne,

191 587 339 664 Quantus
363 591 416 651 eat
439 585 577 654 Crixus?
600 589 665 653 iam
688 607 774 653 nunc
796 588 859 653 tibi
881 588 1027 672 praemia
1049 611 1138 674 pono

191 677 290 742 Illum
315 674 447 742 Sidonio
470 675 648 762 fulgentem
672 677 788 742 ardore
811 681 932 762 tapeta,

190 764 403 830 Barbaricum
426 764 532 849 decus,
554 769 587 830 et
608 764 709 830 fuluis
734 765 895 830 donabere
917 764 1039 832 frenis?

192 853 246 920 Sic
263 853 361 936 fatus,
383 874 504 939 magno
528 851 662 918 Crixum
684 855 826 920 elamore
845 854 952 920 ciebat
1153 871 1211 922 270

188 942 228 1007 10
250 963 392 1027 pugnam
416 965 454 1008 ao
476 963 579 1008 uacuo
602 943 759 1028 poscebat
781 943 905 1027 proelia
925 964 1052 1028 campo.

190 1029 260 1098 Nec
283 1032 517 1096 detractantem
540 1052 601 1115 par
623 1031 673 1096 ira
696 1031 886 1098 accenderat
907 1031 1047 1097 hostem.

190 1120 239 1185 Ut
261 1121 368 1185 iussae
391 1141 515 1186 cessere
537 1124 625 1185 retro
650 1120 854 1204 spatiumque
878 1120 1034 1186 dederunt

188 1208 275 1274 Hinc
298 1213 396 1292 atque
419 1208 495 1274 hino
518 1209 597 1290 alae,
621 1212 654 1274 et
677 1208 783 1274 medio
807 1209 900 1273 stetit
922 1229 1061 1292 aequore
1078 1230 1209 1294 pugna:

190 1295 337 1372 Quantus
359 1296 549 1382 Phlegraeis
573 1296 713 1362 Telluris
737 1297 886 1362 alumnus
908 1297 942 1360 in
966 1297 1053 1362 aruis
1153 1315 1211 1362 276

188 1384 296 1452 Mouit
319 1387 414 1472 signa
436 1385 555 1451 Mimas
578 1387 767 1470 caelumque
790 1384 946 1450 exterruit
969 1386 1077 1470 armis,

189 1473 314 1540 Tantus
338 1474 488 1540 semifero
513 1474 627 1541 (lrixus
651 1475 712 1540 snb
735 1477 866 1559 pectore
889 1496 1036 1539 murmur

191 1562 334 1648 Torquet
358 1567 390 1627 et
412 1563 593 1628 horrisonis
616 1564 796 1630 ululatibus
819 1562 917 1648 erigit
939 1562 1019 1627 iras:

188 1650 353 1717 ‘Nemone
376 1651 525 1716 incensae
548 1656 726 1738 captaeque
750 1650 909 1736 superfuit
930 1651 1014 1735 urbi,

190 1739 238 1806 Ut
260 1740 332 1824 tibi,
356 1761 436 1823 ques
459 1738 580 1804 Brenni
603 1741 743 1824 populus
766 1740 923 1805 ferremus
946 1740 981 1804 in
1005 1761 1104 1823 arma,
1153 1756 1211 1807 280

189 1827 359 1912 Narraret
383 1828 534 1894 dextras?
559 1829 645 1894 disce
668 1851 709 1894 en
730 1827 843 1914 nuno',
864 1826 971 1913 inquit
994 1833 1027 1893 et
1050 1851 1116 1894 una

189 1916 392 2000 Contorquet
413 1916 507 1982 nodis
531 1921 564 1984 et
582 1918 700 1983 obusto
723 1919 840 1984 robore
864 1917 968 1982 diram

191 2005 255 2072 Uel
273 2010 386 2090 portas
411 2027 564 2090 quassare
586 2007 722 2072 trabem.
747 2011 843 2072 sonat
865 2007 923 2070 illa
944 2005 1151 2072 tremendum

187 2093 247 2178 Ac,
269 2095 369 2160 nimio
392 2094 481 2161 iactu
504 2117 651 2160 seruasse
674 2094 858 2180 improuida
881 2094 989 2178 campi

187 2182 352 2248 Distentis
376 2183 527 2268 spatium,
550 2184 735 2268 propiorem
758 2183 943 2248 transuolat
965 2183 1104 2248 hostem.
1152 2200 1210 2250 285

189 2269 250 2336 Oui
278 2271 403 2338 consul:
432 2270 546 2336 ‘Ferre
569 2270 795 2338 haec'umbris
818 2292 1005 2355 proauoque
1028 2277 1211 2360 memento,

190 2359 295 2437 Quam
317 2361 430 2445 procul
453 2362 624 2426 occumbas
648 2361 786 2444 Tarpeia
810 2361 893 2446 sede,
914 2360 1040 2445 tibique

190 2448 288 2515 Haud
310 2449 437 2515 licitum
462 2450 547 2515 sacri
570 2447 733 2534 Capitolia
755 2471 884 2514 eernere
905 2447 1053 2515 montis?

188 2537 271 2604 Tum
294 2539 380 2605 nodo
405 2560 563 2624 cursuque
586 2539 651 2604 leui
675 2538 772 2603 simul
796 2537 929 2604 adiuuat
951 2538 1089 2621 hastam,

189 2627 337 2713 Dignum
361 2629 445 2692 mole
468 2628 532 2692 uiri
555 2628 654 2692 nisus.
677 2627 764 2712 fugit
786 2627 845 2692 illa
866 2647 924 2711 per
948 2647 1022 2692 oras
1151 2643 1211 2694 200

187 2715 380 2802 Multiplicis
403 2716 462 2780 lini
486 2717 700 2802 subtextaque
722 2716 868 2802 tegmina
890 2715 999 2780 neruis
1277 2713 1278 2732 ¹

258 2965 310 3014 266
334 2960 450 3029 uulgum
479 2961 656 3031 Martemque
679 2961 793 3016 minori!
835 2961 894 3015 Nos
919 2960 1000 3015 Thilo
1022 2960 1055 3014 tu
1078 2958 1207 3015 Martem

187 3031 281 3085 temne
294 3031 605 3088 minoremBactwuld
718 3038 769 3088 267
789 3033 856 3087 tunc
876 3037 892 3084 8
1000 3035 1053 3085 274
1071 3033 1100 3085 et
1119 3031 1209 3103 cm·

186 3117 237 3156 om.
253 3106 296 3154 0V
399 3107 451 3158 276
470 3103 590 3158 Telluris
608 3110 652 3156 cm
669 3103 725 3174 Ep.
741 3109 779 3159 66
887 3108 939 3158 276
958 3101 1059 3156 Mimas
1077 3107 1123 3154 cm
1142 3104 1161 3156 l.
1185 3105 1205 3158 l.

188 3178 324 3227 numasI.
351 3180 499 3227 mumasr
526 3175 621 3229 minax
640 3179 683 3228 07
702 3205 735 3215 -
760 3175 924 3242 caelumque
947 3178 991 3226 cm
1014 3173 1031 3227 l.
1051 3173 1068 3227 l.
1089 3174 1120 3227 et
1138 3189 1208 3230 cae-

188 3243 283 3297 1008
356 3244 556 3298 sariuntur
627 3251 679 3300 282
699 3245 796 3302 duram
818 3245 927 3301 Gronov
1002 3247 1054 3298 284
1068 3244 1107 3296 At
1121 3244 1207 3300 Kocb

187 3319 240 3369 288
260 3331 353 3370 sacros
372 3345 406 3356 —
425 3316 534 3370 montes
553 3332 609 3372 cac
631 3316 702 3372 Veen
816 3321 868 3372 220
887 3315 1010 3386 Dignum
1028 3321 1072 3369 t'm
1089 3314 1148 3382 Ep.
1165 3320 1206 3370 88

187 3385 310 3454 Dignam
329 3392 358 3454 8,
382 3387 429 3441 sed
452 3388 484 3441 in
501 3392 523 3438 F
541 3404 574 3442 m.
599 3392 618 3444 2
640 3405 710 3444 corr.
733 3388 779 3454 (T.
799 3405 828 3456 p.
852 3391 921 3456 232)
951 3417 985 3428 -
1009 3387 1086 3440 nisus
1109 3391 1206 3439 0er

187 3455 269 3510 nixus
289 3462 331 3510 ov
350 3487 383 3497 -
403 3473 466 3511 oras
485 3463 529 3509 cm
641 3464 691 3514 291
711 3461 895 3528 subtextaque
914 3464 951 3511 ch
978 3455 1167 3524 subtectaque
1188 3465 1206 3511 8

190 3527 375 3596 subtentaque
395 3528 505 3583 Gronov
525 3557 558 3568 -
572 3529 652 3583 nerui
670 3530 755 3585 Blces
