<?xml version="1.0" encoding="UTF-8"?>
<!DOCTYPE html PUBLIC "-//W3C//DTD XHTML 1.0 Transitional//EN"
    "http://www.w3.org/TR/xhtml1/DTD/xhtml1-transitional.dtd">
<html xmlns="http://www.w3.org/1999/xhtml" xml:lang="en" lang="en">
 <head>
  <title>
</title>
<meta http-equiv="Content-Type" content="text/html;charset=utf-8" />
  <meta name='ocr-system' content='tesseract 3.04.00' />
  <meta name='ocr-capabilities' content='ocr_page ocr_carea ocr_par ocr_line ocrx_word'/>
</head>
<body>
  <div class='ocr_page' id='page_1' title='image "./siliitalicipuni01italgoog_0249.png"; bbox 0 0 2632 4014; ppageno 0'>
   <div class='ocr_carea' id='block_1_1' title="bbox 199 201 820 268">
    <p class='ocr_par' dir='ltr' id='par_1_1' title="bbox 199 201 820 268">
     <span class='ocr_line' id='line_1_1' title="bbox 199 201 820 268; baseline -0.019 0"><span class='ocrx_word' id='word_1_1' title='bbox 199 201 266 268; x_wconf 82' lang='grc'>230</span> <span class='ocrx_word' id='word_1_2' title='bbox 596 201 665 256; x_wconf 84' lang='lat' dir='ltr'>SILI</span> <span class='ocrx_word' id='word_1_3' title='bbox 682 201 820 258; x_wconf 79' lang='lat' dir='ltr'>ITALIOI</span> 
     </span>
    </p>
   </div>
   <div class='ocr_carea' id='block_1_2' title="bbox 197 363 1215 980">
    <p class='ocr_par' dir='ltr' id='par_1_2' title="bbox 197 363 1215 716">
     <span class='ocr_line' id='line_1_2' title="bbox 197 363 1168 450; baseline -0.001 -19"><span class='ocrx_word' id='word_1_4' title='bbox 197 364 350 431; x_wconf 87' lang='lat' dir='ltr'>Proxima</span> <span class='ocrx_word' id='word_1_5' title='bbox 372 365 429 428; x_wconf 84' lang='lat' dir='ltr'>lux</span> <span class='ocrx_word' id='word_1_6' title='bbox 451 364 566 448; x_wconf 87' lang='lat' dir='ltr'>placet.</span> <span class='ocrx_word' id='word_1_7' title='bbox 589 363 666 428; x_wconf 86' lang='lat' dir='ltr'>hino</span> <span class='ocrx_word' id='word_1_8' title='bbox 689 365 820 428; x_wconf 87' lang='lat' dir='ltr'>strictos</span> <span class='ocrx_word' id='word_1_9' title='bbox 844 363 928 428; x_wconf 87' lang='lat' dir='ltr'>ferre</span> <span class='ocrx_word' id='word_1_10' title='bbox 952 365 1040 430; x_wconf 90' lang='lat' dir='ltr'>ocius</span> <span class='ocrx_word' id='word_1_11' title='bbox 1064 386 1168 450; x_wconf 81' lang='lat' dir='ltr'>enses,</span> 
     </span>
     <span class='ocr_line' id='line_1_3' title="bbox 197 452 1215 538; baseline 0 -19"><span class='ocrx_word' id='word_1_12' title='bbox 197 453 284 519; x_wconf 92' lang='lat' dir='ltr'>Dum</span> <span class='ocrx_word' id='word_1_13' title='bbox 307 453 412 518; x_wconf 90' lang='lat' dir='ltr'>feruet</span> <span class='ocrx_word' id='word_1_14' title='bbox 436 474 539 538; x_wconf 87' lang='lat' dir='ltr'>cruor,</span> <span class='ocrx_word' id='word_1_15' title='bbox 562 457 595 518; x_wconf 91' lang='lat' dir='ltr'>et</span> <span class='ocrx_word' id='word_1_16' title='bbox 616 452 767 538; x_wconf 85' lang='lat' dir='ltr'>perfusae</span> <span class='ocrx_word' id='word_1_17' title='bbox 792 454 887 518; x_wconf 88' lang='lat' dir='ltr'>caede</span> <span class='ocrx_word' id='word_1_18' title='bbox 911 453 1072 536; x_wconf 84' lang='lat' dir='ltr'>cohortes,</span> <span class='ocrx_word' id='word_1_19' title='bbox 1159 471 1215 519; x_wconf 78' lang='lat'>334</span> 
     </span>
     <span class='ocr_line' id='line_1_4' title="bbox 199 541 1198 624; baseline 0.002 -18"><span class='ocrx_word' id='word_1_20' title='bbox 199 541 353 606; x_wconf 86' lang='lat' dir='ltr'>Destinat</span> <span class='ocrx_word' id='word_1_21' title='bbox 376 564 413 607; x_wconf 87' lang='lat' dir='ltr'>ac</span> <span class='ocrx_word' id='word_1_22' title='bbox 435 541 501 606; x_wconf 89' lang='lat' dir='ltr'>iam</span> <span class='ocrx_word' id='word_1_23' title='bbox 526 542 667 607; x_wconf 87' lang='lat' dir='ltr'>claustra</span> <span class='ocrx_word' id='word_1_24' title='bbox 690 563 797 624; x_wconf 84' lang='lat' dir='ltr'>manu,</span> <span class='ocrx_word' id='word_1_25' title='bbox 820 543 886 606; x_wconf 90' lang='lat' dir='ltr'>iem</span> <span class='ocrx_word' id='word_1_26' title='bbox 911 543 1038 608; x_wconf 86' lang='lat' dir='ltr'>moenia</span> <span class='ocrx_word' id='word_1_27' title='bbox 1061 542 1198 608; x_wconf 88' lang='lat' dir='ltr'>flamma</span> 
     </span>
     <span class='ocr_line' id='line_1_5' title="bbox 198 628 1016 716; baseline 0.001 -21"><span class='ocrx_word' id='word_1_28' title='bbox 198 630 343 715; x_wconf 78' lang='lat' dir='ltr'>Occupat</span> <span class='ocrx_word' id='word_1_29' title='bbox 366 634 398 694; x_wconf 92' lang='lat' dir='ltr'>et</span> <span class='ocrx_word' id='word_1_30' title='bbox 420 630 528 716; x_wconf 89' lang='lat' dir='ltr'>iungit</span> <span class='ocrx_word' id='word_1_31' title='bbox 551 629 691 714; x_wconf 80' lang='lat' dir='ltr'>Tarpeia</span> <span class='ocrx_word' id='word_1_32' title='bbox 713 630 861 695; x_wconf 89' lang='lat' dir='ltr'>incendia</span> <span class='ocrx_word' id='word_1_33' title='bbox 885 628 1016 696; x_wconf 83' lang='lat' dir='ltr'>Cannis.</span> 
     </span>
    </p>

    <p class='ocr_par' dir='ltr' id='par_1_3' title="bbox 198 716 1120 980">
     <span class='ocr_line' id='line_1_6' title="bbox 245 716 1013 804; baseline 0.001 -21"><span class='ocrx_word' id='word_1_34' title='bbox 245 719 316 796; x_wconf 80' lang='lat' dir='ltr'>Quo</span> <span class='ocrx_word' id='word_1_35' title='bbox 340 719 473 784; x_wconf 88' lang='lat' dir='ltr'>turbata</span> <span class='ocrx_word' id='word_1_36' title='bbox 496 718 559 784; x_wconf 88' lang='lat' dir='ltr'>uiri</span> <span class='ocrx_word' id='word_1_37' title='bbox 582 718 698 784; x_wconf 87' lang='lat' dir='ltr'>coniux</span> <span class='ocrx_word' id='word_1_38' title='bbox 722 716 874 784; x_wconf 85' lang='lat' dir='ltr'>Saturnia</span> <span class='ocrx_word' id='word_1_39' title='bbox 898 725 1013 804; x_wconf 87' lang='lat' dir='ltr'>coepto</span> 
     </span>
     <span class='ocr_line' id='line_1_7' title="bbox 198 805 1003 894; baseline -0.001 -20"><span class='ocrx_word' id='word_1_40' title='bbox 198 807 388 894; x_wconf 79' lang='lat' dir='ltr'>Irarumque</span> <span class='ocrx_word' id='word_1_41' title='bbox 411 806 499 872; x_wconf 91' lang='lat' dir='ltr'>Iouis</span> <span class='ocrx_word' id='word_1_42' title='bbox 522 805 674 891; x_wconf 87' lang='lat' dir='ltr'>Latiique</span> <span class='ocrx_word' id='word_1_43' title='bbox 696 806 784 872; x_wconf 88' lang='lat' dir='ltr'>haud</span> <span class='ocrx_word' id='word_1_44' title='bbox 806 807 910 872; x_wconf 79' lang='lat' dir='ltr'>inscie</span> <span class='ocrx_word' id='word_1_45' title='bbox 932 807 1003 892; x_wconf 86' lang='lat' dir='ltr'>fati,</span> 
     </span>
     <span class='ocr_line' id='line_1_8' title="bbox 198 895 1120 980; baseline 0 -18"><span class='ocrx_word' id='word_1_46' title='bbox 198 897 369 962; x_wconf 89' lang='lat' dir='ltr'>Incautum</span> <span class='ocrx_word' id='word_1_47' title='bbox 393 895 542 961; x_wconf 87' lang='lat' dir='ltr'>ardorem</span> <span class='ocrx_word' id='word_1_48' title='bbox 566 900 662 980; x_wconf 87' lang='lat' dir='ltr'>atque</span> <span class='ocrx_word' id='word_1_49' title='bbox 687 896 799 960; x_wconf 86' lang='lat' dir='ltr'>auidas</span> <span class='ocrx_word' id='word_1_50' title='bbox 824 896 863 960; x_wconf 90' lang='lat' dir='ltr'>ad</span> <span class='ocrx_word' id='word_1_51' title='bbox 886 895 980 960; x_wconf 84' lang='lat' dir='ltr'>futile</span> <span class='ocrx_word' id='word_1_52' title='bbox 1004 901 1120 962; x_wconf 89' lang='lat' dir='ltr'>uotum</span> 
     </span>
    </p>
   </div>
   <div class='ocr_carea' id='block_1_3' title="bbox 198 983 1224 3198">
    <p class='ocr_par' dir='ltr' id='par_1_4' title="bbox 200 983 1218 1070">
     <span class='ocr_line' id='line_1_9' title="bbox 200 983 1218 1070; baseline 0.001 -19"><span class='ocrx_word' id='word_1_53' title='bbox 200 984 280 1068; x_wconf 80' lang='lat' dir='ltr'>Spes</span> <span class='ocrx_word' id='word_1_54' title='bbox 303 984 430 1050; x_wconf 87' lang='lat' dir='ltr'>iuuenis</span> <span class='ocrx_word' id='word_1_55' title='bbox 452 983 580 1049; x_wconf 88' lang='lat' dir='ltr'>frenare</span> <span class='ocrx_word' id='word_1_56' title='bbox 627 990 707 1049; x_wconf 90' lang='lat' dir='ltr'>arat.</span> <span class='ocrx_word' id='word_1_57' title='bbox 731 984 794 1048; x_wconf 89' lang='lat' dir='ltr'>ciet</span> <span class='ocrx_word' id='word_1_58' title='bbox 817 985 892 1049; x_wconf 91' lang='lat' dir='ltr'>inde</span> <span class='ocrx_word' id='word_1_59' title='bbox 916 985 1035 1070; x_wconf 86' lang='lat' dir='ltr'>quietis</span> <span class='ocrx_word' id='word_1_60' title='bbox 1162 1002 1218 1052; x_wconf 83' lang='grc'>340</span> 
     </span>
    </p>

    <p class='ocr_par' dir='ltr' id='par_1_5' title="bbox 199 1007 1151 1159">
     <span class='ocr_line' id='line_1_10' title="bbox 199 1007 1151 1159; baseline 0.001 -21"><span class='ocrx_word' id='word_1_61' title='bbox 199 1074 406 1159; x_wconf 85' lang='lat' dir='ltr'>Regnantem</span> <span class='ocrx_word' id='word_1_62' title='bbox 428 1073 572 1138; x_wconf 87' lang='lat' dir='ltr'>tenebris</span> <span class='ocrx_word' id='word_1_63' title='bbox 596 1007 765 1156; x_wconf 51' lang='lat' dir='ltr'>§omnuim</span> <span class='ocrx_word' id='word_1_64' title='bbox 790 1095 854 1158; x_wconf 91' lang='lat' dir='ltr'>quo</span> <span class='ocrx_word' id='word_1_65' title='bbox 880 1095 975 1156; x_wconf 82' lang='lat' dir='ltr'><strong>saepe</strong></span> <span class='ocrx_word' id='word_1_66' title='bbox 999 1075 1151 1140; x_wconf 86' lang='lat' dir='ltr'>ministro</span> 
     </span>
    </p>

    <p class='ocr_par' dir='ltr' id='par_1_6' title="bbox 198 1161 952 1245">
     <span class='ocr_line' id='line_1_11' title="bbox 198 1161 952 1245; baseline 0 -19"><span class='ocrx_word' id='word_1_67' title='bbox 198 1163 354 1227; x_wconf 83' lang='lat' dir='ltr'>Edomita</span> <span class='ocrx_word' id='word_1_68' title='bbox 376 1161 471 1226; x_wconf 90' lang='lat' dir='ltr'>inuiti</span> <span class='ocrx_word' id='word_1_69' title='bbox 494 1162 661 1245; x_wconf 79' lang='lat' dir='ltr'>componit</span> <span class='ocrx_word' id='word_1_70' title='bbox 683 1162 808 1226; x_wconf 91' lang='lat' dir='ltr'>lumina</span> <span class='ocrx_word' id='word_1_71' title='bbox 830 1161 952 1226; x_wconf 87' lang='lat' dir='ltr'>fratris.</span> 
     </span>
    </p>

    <p class='ocr_par' dir='ltr' id='par_1_7' title="bbox 198 1249 1124 1336">
     <span class='ocr_line' id='line_1_12' title="bbox 198 1249 1124 1336; baseline -0.002 -20"><span class='ocrx_word' id='word_1_72' title='bbox 198 1251 308 1335; x_wconf 84' lang='lat' dir='ltr'>Atque</span> <span class='ocrx_word' id='word_1_73' title='bbox 331 1250 406 1315; x_wconf 92' lang='lat' dir='ltr'>huic</span> <span class='ocrx_word' id='word_1_74' title='bbox 429 1251 587 1316; x_wconf 90' lang='lat' dir='ltr'>arridens:</span> <span class='ocrx_word' id='word_1_75' title='bbox 612 1249 705 1314; x_wconf 68' lang='lat' dir='ltr'>‘Non</span> <span class='ocrx_word' id='word_1_76' title='bbox 727 1254 761 1314; x_wconf 87' lang='lat' dir='ltr'>te</span> <span class='ocrx_word' id='word_1_77' title='bbox 784 1250 983 1336; x_wconf 85' lang='lat' dir='ltr'>maioribus,&#39;</span> <span class='ocrx_word' id='word_1_78' title='bbox 1008 1250 1124 1335; x_wconf 88' lang='lat' dir='ltr'>inquit,</span> 
     </span>
    </p>

    <p class='ocr_par' dir='ltr' id='par_1_8' title="bbox 201 1339 1065 1423">
     <span class='ocr_line' id='line_1_13' title="bbox 201 1339 1065 1423; baseline -0.001 -18"><span class='ocrx_word' id='word_1_79' title='bbox 201 1339 320 1422; x_wconf 64' lang='lat' dir='ltr'>‘Aesis</span> <span class='ocrx_word' id='word_1_80' title='bbox 344 1339 425 1421; x_wconf 89' lang='lat' dir='ltr'>diue,</span> <span class='ocrx_word' id='word_1_81' title='bbox 448 1361 528 1404; x_wconf 89' lang='lat' dir='ltr'>uoco</span> <span class='ocrx_word' id='word_1_82' title='bbox 552 1361 611 1404; x_wconf 91' lang='lat' dir='ltr'>nec</span> <span class='ocrx_word' id='word_1_83' title='bbox 634 1361 742 1423; x_wconf 88' lang='lat' dir='ltr'>posco,</span> <span class='ocrx_word' id='word_1_84' title='bbox 766 1343 802 1404; x_wconf 92' lang='lat' dir='ltr'>ut</span> <span class='ocrx_word' id='word_1_85' title='bbox 825 1339 979 1404; x_wconf 91' lang='lat' dir='ltr'>mollibus</span> <span class='ocrx_word' id='word_1_86' title='bbox 1003 1339 1065 1404; x_wconf 85' lang='lat' dir='ltr'>alis</span> 
     </span>
    </p>

    <p class='ocr_par' dir='ltr' id='par_1_9' title="bbox 200 1425 1218 1514">
     <span class='ocr_line' id='line_1_14' title="bbox 200 1425 1218 1514; baseline 0.001 -21"><span class='ocrx_word' id='word_1_87' title='bbox 200 1427 267 1493; x_wconf 91' lang='lat' dir='ltr'>Des</span> <span class='ocrx_word' id='word_1_88' title='bbox 290 1427 412 1492; x_wconf 85' lang='lat' dir='ltr'>uictum</span> <span class='ocrx_word' id='word_1_89' title='bbox 435 1427 526 1514; x_wconf 92' lang='lat' dir='ltr'>mihi,</span> <span class='ocrx_word' id='word_1_90' title='bbox 550 1425 677 1510; x_wconf 81' lang='lat' dir='ltr'>Somne,</span> <span class='ocrx_word' id='word_1_91' title='bbox 700 1425 821 1492; x_wconf 92' lang='lat' dir='ltr'>Iouem.</span> <span class='ocrx_word' id='word_1_92' title='bbox 845 1449 911 1493; x_wconf 92' lang='lat' dir='ltr'>non</span> <span class='ocrx_word' id='word_1_93' title='bbox 935 1427 1022 1492; x_wconf 90' lang='lat' dir='ltr'>mille</span> <span class='ocrx_word' id='word_1_94' title='bbox 1045 1429 1218 1512; x_wconf 88' lang='lat' dir='ltr'>premendi</span> 
     </span>
    </p>

    <p class='ocr_par' dir='ltr' id='par_1_10' title="bbox 201 1515 1216 1601">
     <span class='ocr_line' id='line_1_15' title="bbox 201 1515 1216 1601; baseline 0.003 -20"><span class='ocrx_word' id='word_1_95' title='bbox 201 1515 283 1582; x_wconf 82' lang='lat' dir='ltr'>Sunt</span> <span class='ocrx_word' id='word_1_96' title='bbox 307 1515 393 1582; x_wconf 88' lang='lat' dir='ltr'>oculi</span> <span class='ocrx_word' id='word_1_97' title='bbox 415 1517 485 1600; x_wconf 88' lang='lat' dir='ltr'>tibi,</span> <span class='ocrx_word' id='word_1_98' title='bbox 507 1538 567 1582; x_wconf 90' lang='lat' dir='ltr'>neo</span> <span class='ocrx_word' id='word_1_99' title='bbox 591 1537 746 1601; x_wconf 90' lang='lat' dir='ltr'>spernens</span> <span class='ocrx_word' id='word_1_100' title='bbox 770 1519 827 1580; x_wconf 89' lang='lat' dir='ltr'>tua</span> <span class='ocrx_word' id='word_1_101' title='bbox 849 1517 985 1581; x_wconf 88' lang='lat' dir='ltr'>numina</span> <span class='ocrx_word' id='word_1_102' title='bbox 1008 1520 1118 1582; x_wconf 87' lang='lat' dir='ltr'>custos</span> <span class='ocrx_word' id='word_1_103' title='bbox 1160 1534 1216 1584; x_wconf 83' lang='grc'>346</span> 
     </span>
    </p>

    <p class='ocr_par' dir='ltr' id='par_1_11' title="bbox 199 1603 1005 1689">
     <span class='ocr_line' id='line_1_16' title="bbox 199 1603 1005 1689; baseline -0.002 -17"><span class='ocrx_word' id='word_1_104' title='bbox 199 1605 351 1671; x_wconf 87' lang='lat' dir='ltr'>Inachiae</span> <span class='ocrx_word' id='word_1_105' title='bbox 374 1603 478 1669; x_wconf 91' lang='lat' dir='ltr'>multa</span> <span class='ocrx_word' id='word_1_106' title='bbox 502 1606 701 1689; x_wconf 86' lang='lat' dir='ltr'>superandus</span> <span class='ocrx_word' id='word_1_107' title='bbox 723 1609 819 1670; x_wconf 90' lang='lat' dir='ltr'>nocte</span> <span class='ocrx_word' id='word_1_108' title='bbox 842 1605 1005 1670; x_wconf 87' lang='lat' dir='ltr'>iuuencae.</span> 
     </span>
    </p>

    <p class='ocr_par' dir='ltr' id='par_1_12' title="bbox 199 1693 1079 1778">
     <span class='ocr_line' id='line_1_17' title="bbox 199 1693 1079 1778; baseline -0.001 -18"><span class='ocrx_word' id='word_1_109' title='bbox 199 1693 345 1778; x_wconf 75' lang='lat' dir='ltr'>Ductori,</span> <span class='ocrx_word' id='word_1_110' title='bbox 368 1715 492 1778; x_wconf 86' lang='lat' dir='ltr'>precor,</span> <span class='ocrx_word' id='word_1_111' title='bbox 515 1693 676 1759; x_wconf 90' lang='lat' dir='ltr'>immittas</span> <span class='ocrx_word' id='word_1_112' title='bbox 699 1715 786 1758; x_wconf 92' lang='lat' dir='ltr'>noua</span> <span class='ocrx_word' id='word_1_113' title='bbox 810 1693 937 1758; x_wconf 88' lang='lat' dir='ltr'>somnia</span> <span class='ocrx_word' id='word_1_114' title='bbox 960 1695 1079 1778; x_wconf 92' lang='lat' dir='ltr'>Poeno,</span> 
     </span>
    </p>

    <p class='ocr_par' dir='ltr' id='par_1_13' title="bbox 199 1781 1130 1868">
     <span class='ocr_line' id='line_1_18' title="bbox 199 1781 1130 1868; baseline 0 -21"><span class='ocrx_word' id='word_1_115' title='bbox 199 1781 251 1847; x_wconf 92' lang='lat' dir='ltr'>Ne</span> <span class='ocrx_word' id='word_1_116' title='bbox 274 1782 415 1847; x_wconf 86' lang='lat' dir='ltr'>Romam</span> <span class='ocrx_word' id='word_1_117' title='bbox 439 1785 472 1846; x_wconf 89' lang='lat' dir='ltr'>et</span> <span class='ocrx_word' id='word_1_118' title='bbox 495 1782 616 1848; x_wconf 88' lang='lat' dir='ltr'>uetitos</span> <span class='ocrx_word' id='word_1_119' title='bbox 640 1782 749 1866; x_wconf 90' lang='lat' dir='ltr'>cupiat</span> <span class='ocrx_word' id='word_1_120' title='bbox 771 1804 856 1847; x_wconf 92' lang='lat' dir='ltr'>nunc</span> <span class='ocrx_word' id='word_1_121' title='bbox 879 1783 984 1847; x_wconf 90' lang='lat' dir='ltr'>uisere</span> <span class='ocrx_word' id='word_1_122' title='bbox 1009 1804 1130 1868; x_wconf 86' lang='lat' dir='ltr'>muros,</span> 
     </span>
    </p>

    <p class='ocr_par' dir='ltr' id='par_1_14' title="bbox 200 1870 1220 2044">
     <span class='ocr_line' id='line_1_19' title="bbox 200 1870 1220 1956; baseline 0.003 -20"><span class='ocrx_word' id='word_1_123' title='bbox 200 1871 288 1947; x_wconf 78' lang='lat' dir='ltr'>Quos</span> <span class='ocrx_word' id='word_1_124' title='bbox 311 1871 434 1934; x_wconf 89' lang='lat' dir='ltr'>intrare</span> <span class='ocrx_word' id='word_1_125' title='bbox 457 1870 549 1936; x_wconf 89' lang='lat' dir='ltr'>dabit</span> <span class='ocrx_word' id='word_1_126' title='bbox 571 1893 747 1954; x_wconf 87' lang='lat' dir='ltr'>numquam</span> <span class='ocrx_word' id='word_1_127' title='bbox 770 1873 926 1956; x_wconf 84' lang='lat' dir='ltr'>regnator</span> <span class='ocrx_word' id='word_1_128' title='bbox 949 1870 1101 1956; x_wconf 68' lang='lat' dir='ltr'>Olympi?</span> <span class='ocrx_word' id='word_1_129' title='bbox 1162 1889 1220 1940; x_wconf 84' lang='grc'>360</span> 
     </span>
     <span class='ocr_line' id='line_1_20' title="bbox 245 1958 1076 2044; baseline 0.002 -22"><span class='ocrx_word' id='word_1_130' title='bbox 245 1958 423 2043; x_wconf 87' lang='lat' dir='ltr'>Imperium</span> <span class='ocrx_word' id='word_1_131' title='bbox 448 1961 533 2024; x_wconf 87' lang='lat' dir='ltr'>celer</span> <span class='ocrx_word' id='word_1_132' title='bbox 556 1961 725 2044; x_wconf 84' lang='lat' dir='ltr'>exequitur</span> <span class='ocrx_word' id='word_1_133' title='bbox 747 1981 912 2043; x_wconf 88' lang='lat' dir='ltr'>curuoque</span> <span class='ocrx_word' id='word_1_134' title='bbox 935 1960 1076 2025; x_wconf 89' lang='lat' dir='ltr'>uolucris</span> 
     </span>
    </p>

    <p class='ocr_par' dir='ltr' id='par_1_15' title="bbox 203 2047 1080 2132">
     <span class='ocr_line' id='line_1_21' title="bbox 203 2047 1080 2132; baseline 0 -20"><span class='ocrx_word' id='word_1_135' title='bbox 203 2047 265 2112; x_wconf 92' lang='lat' dir='ltr'>Per</span> <span class='ocrx_word' id='word_1_136' title='bbox 287 2047 440 2112; x_wconf 86' lang='lat' dir='ltr'>tenebras</span> <span class='ocrx_word' id='word_1_137' title='bbox 464 2051 577 2132; x_wconf 86' lang='lat' dir='ltr'>portat</span> <span class='ocrx_word' id='word_1_138' title='bbox 600 2047 761 2113; x_wconf 86' lang='lat' dir='ltr'>medicata</span> <span class='ocrx_word' id='word_1_139' title='bbox 783 2069 949 2132; x_wconf 86' lang='lat' dir='ltr'>papauera</span> <span class='ocrx_word' id='word_1_140' title='bbox 971 2070 1080 2114; x_wconf 88' lang='lat' dir='ltr'>cornu.</span> 
     </span>
    </p>

    <p class='ocr_par' dir='ltr' id='par_1_16' title="bbox 199 2135 1059 2222">
     <span class='ocr_line' id='line_1_22' title="bbox 199 2135 1059 2222; baseline 0 -20"><span class='ocrx_word' id='word_1_141' title='bbox 199 2136 263 2202; x_wconf 79' lang='lat' dir='ltr'>Ast</span> <span class='ocrx_word' id='word_1_142' title='bbox 287 2135 351 2220; x_wconf 90' lang='lat' dir='ltr'>ubi,</span> <span class='ocrx_word' id='word_1_143' title='bbox 373 2157 431 2219; x_wconf 90' lang='lat' dir='ltr'>per</span> <span class='ocrx_word' id='word_1_144' title='bbox 453 2137 590 2200; x_wconf 87' lang='lat' dir='ltr'>tacitum</span> <span class='ocrx_word' id='word_1_145' title='bbox 613 2137 765 2220; x_wconf 81' lang='lat' dir='ltr'>allapsus,</span> <span class='ocrx_word' id='word_1_146' title='bbox 787 2138 931 2202; x_wconf 89' lang='lat' dir='ltr'>tentoria</span> <span class='ocrx_word' id='word_1_147' title='bbox 953 2138 1059 2222; x_wconf 85' lang='lat' dir='ltr'>prima</span> 
     </span>
    </p>

    <p class='ocr_par' dir='ltr' id='par_1_17' title="bbox 201 2225 1000 2310">
     <span class='ocr_line' id='line_1_23' title="bbox 201 2225 1000 2310; baseline 0.001 -21"><span class='ocrx_word' id='word_1_148' title='bbox 201 2225 337 2290; x_wconf 88' lang='lat' dir='ltr'>Barcaei</span> <span class='ocrx_word' id='word_1_149' title='bbox 359 2225 456 2309; x_wconf 87' lang='lat' dir='ltr'>petiit</span> <span class='ocrx_word' id='word_1_150' title='bbox 478 2225 615 2310; x_wconf 89' lang='lat' dir='ltr'>iuuenis,</span> <span class='ocrx_word' id='word_1_151' title='bbox 639 2225 746 2310; x_wconf 84' lang='lat' dir='ltr'>quatit</span> <span class='ocrx_word' id='word_1_152' title='bbox 768 2225 843 2290; x_wconf 85' lang='lat' dir='ltr'>inde</span> <span class='ocrx_word' id='word_1_153' title='bbox 867 2247 1000 2309; x_wconf 85' lang='lat' dir='ltr'>soporas</span> 
     </span>
    </p>

    <p class='ocr_par' dir='ltr' id='par_1_18' title="bbox 200 2313 1221 2398">
     <span class='ocr_line' id='line_1_24' title="bbox 200 2313 1221 2398; baseline 0.002 -18"><span class='ocrx_word' id='word_1_154' title='bbox 200 2314 331 2380; x_wconf 88' lang='lat' dir='ltr'>Deuexo</span> <span class='ocrx_word' id='word_1_155' title='bbox 356 2313 456 2398; x_wconf 87' lang='lat' dir='ltr'>capiti</span> <span class='ocrx_word' id='word_1_156' title='bbox 478 2335 601 2398; x_wconf 88' lang='lat' dir='ltr'>pennas</span> <span class='ocrx_word' id='word_1_157' title='bbox 625 2314 788 2397; x_wconf 89' lang='lat' dir='ltr'>oculisque</span> <span class='ocrx_word' id='word_1_158' title='bbox 813 2315 955 2398; x_wconf 89' lang='lat' dir='ltr'>quietem</span> <span class='ocrx_word' id='word_1_159' title='bbox 1164 2332 1221 2382; x_wconf 83' lang='lat'>355</span> 
     </span>
    </p>

    <p class='ocr_par' dir='ltr' id='par_1_19' title="bbox 199 2402 962 2488">
     <span class='ocr_line' id='line_1_25' title="bbox 199 2402 962 2488; baseline -0.003 -20"><span class='ocrx_word' id='word_1_160' title='bbox 199 2404 334 2488; x_wconf 85' lang='lat' dir='ltr'>Irrorat,</span> <span class='ocrx_word' id='word_1_161' title='bbox 357 2405 496 2487; x_wconf 89' lang='lat' dir='ltr'>tangens</span> <span class='ocrx_word' id='word_1_162' title='bbox 519 2402 664 2468; x_wconf 84' lang='lat' dir='ltr'>Lethaea</span> <span class='ocrx_word' id='word_1_163' title='bbox 686 2405 836 2486; x_wconf 86' lang='lat' dir='ltr'>tempora</span> <span class='ocrx_word' id='word_1_164' title='bbox 859 2403 962 2488; x_wconf 86' lang='lat' dir='ltr'>uirga.</span> 
     </span>
    </p>

    <p class='ocr_par' dir='ltr' id='par_1_20' title="bbox 199 2491 1097 2558">
     <span class='ocr_line' id='line_1_26' title="bbox 199 2491 1097 2558; baseline -0.002 -2"><span class='ocrx_word' id='word_1_165' title='bbox 199 2492 360 2558; x_wconf 79' lang='lat' dir='ltr'>Exercent</span> <span class='ocrx_word' id='word_1_166' title='bbox 382 2491 529 2556; x_wconf 87' lang='lat' dir='ltr'>rabidam</span> <span class='ocrx_word' id='word_1_167' title='bbox 552 2491 735 2556; x_wconf 85' lang='lat' dir='ltr'>truculenta</span> <span class='ocrx_word' id='word_1_168' title='bbox 757 2491 920 2556; x_wconf 87' lang='lat' dir='ltr'>insomnia</span> <span class='ocrx_word' id='word_1_169' title='bbox 942 2494 1097 2556; x_wconf 88' lang='lat' dir='ltr'>mentem:</span> 
     </span>
    </p>

    <p class='ocr_par' dir='ltr' id='par_1_21' title="bbox 200 2579 1054 2664">
     <span class='ocr_line' id='line_1_27' title="bbox 200 2579 1054 2664; baseline 0 -20"><span class='ocrx_word' id='word_1_170' title='bbox 200 2579 334 2664; x_wconf 90' lang='lat' dir='ltr'>Iamque</span> <span class='ocrx_word' id='word_1_171' title='bbox 357 2579 529 2644; x_wconf 87' lang='lat' dir='ltr'>uidebatur</span> <span class='ocrx_word' id='word_1_172' title='bbox 552 2581 655 2644; x_wconf 92' lang='lat' dir='ltr'>multo</span> <span class='ocrx_word' id='word_1_173' title='bbox 680 2579 743 2644; x_wconf 87' lang='lat' dir='ltr'>sibi</span> <span class='ocrx_word' id='word_1_174' title='bbox 766 2580 872 2644; x_wconf 91' lang='lat' dir='ltr'>milite</span> <span class='ocrx_word' id='word_1_175' title='bbox 895 2579 1054 2664; x_wconf 87' lang='lat' dir='ltr'>Thybrim</span> 
     </span>
    </p>

    <p class='ocr_par' dir='ltr' id='par_1_22' title="bbox 202 2666 1084 2754">
     <span class='ocr_line' id='line_1_28' title="bbox 202 2666 1084 2754; baseline -0.001 -21"><span class='ocrx_word' id='word_1_176' title='bbox 202 2666 340 2754; x_wconf 80' lang='lat' dir='ltr'>Cingere</span> <span class='ocrx_word' id='word_1_177' title='bbox 364 2672 397 2732; x_wconf 92' lang='lat' dir='ltr'>et</span> <span class='ocrx_word' id='word_1_178' title='bbox 420 2669 582 2733; x_wconf 89' lang='lat' dir='ltr'>insultans</span> <span class='ocrx_word' id='word_1_179' title='bbox 607 2673 713 2734; x_wconf 89' lang='lat' dir='ltr'>astare</span> <span class='ocrx_word' id='word_1_180' title='bbox 737 2668 778 2733; x_wconf 90' lang='lat' dir='ltr'>ad</span> <span class='ocrx_word' id='word_1_181' title='bbox 801 2669 929 2733; x_wconf 90' lang='lat' dir='ltr'>moenia</span> <span class='ocrx_word' id='word_1_182' title='bbox 952 2669 1084 2734; x_wconf 87' lang='lat' dir='ltr'>Romae.</span> 
     </span>
    </p>

    <p class='ocr_par' dir='ltr' id='par_1_23' title="bbox 199 2755 1222 2842">
     <span class='ocr_line' id='line_1_29' title="bbox 199 2755 1222 2842; baseline 0.004 -20"><span class='ocrx_word' id='word_1_183' title='bbox 199 2757 274 2840; x_wconf 87' lang='lat' dir='ltr'>lpse</span> <span class='ocrx_word' id='word_1_184' title='bbox 297 2757 482 2840; x_wconf 84' lang='lat' dir='ltr'>refulgebat</span> <span class='ocrx_word' id='word_1_185' title='bbox 504 2755 661 2842; x_wconf 84' lang='lat' dir='ltr'>Tarpeiae</span> <span class='ocrx_word' id='word_1_186' title='bbox 684 2758 823 2823; x_wconf 89' lang='lat' dir='ltr'>culmine</span> <span class='ocrx_word' id='word_1_187' title='bbox 846 2758 946 2841; x_wconf 89' lang='lat' dir='ltr'>rupis,</span> <span class='ocrx_word' id='word_1_188' title='bbox 1163 2775 1222 2826; x_wconf 86' lang='grc'>360</span> 
     </span>
    </p>

    <p class='ocr_par' dir='ltr' id='par_1_24' title="bbox 199 2846 982 2932">
     <span class='ocr_line' id='line_1_30' title="bbox 199 2846 982 2932; baseline -0.001 -20"><span class='ocrx_word' id='word_1_189' title='bbox 199 2846 301 2912; x_wconf 81' lang='lat' dir='ltr'>Elata</span> <span class='ocrx_word' id='word_1_190' title='bbox 324 2851 478 2930; x_wconf 87' lang='lat' dir='ltr'>torquens</span> <span class='ocrx_word' id='word_1_191' title='bbox 501 2846 677 2932; x_wconf 82' lang='lat' dir='ltr'>flagrantia</span> <span class='ocrx_word' id='word_1_192' title='bbox 698 2847 836 2910; x_wconf 86' lang='lat' dir='ltr'>fulmina</span> <span class='ocrx_word' id='word_1_193' title='bbox 859 2846 982 2928; x_wconf 84' lang='lat' dir='ltr'>dextra,</span> 
     </span>
    </p>

    <p class='ocr_par' dir='ltr' id='par_1_25' title="bbox 200 2935 987 3020">
     <span class='ocr_line' id='line_1_31' title="bbox 200 2935 987 3020; baseline -0.001 -21"><span class='ocrx_word' id='word_1_194' title='bbox 200 2935 335 3020; x_wconf 87' lang='lat' dir='ltr'>Iupiter,</span> <span class='ocrx_word' id='word_1_195' title='bbox 358 2938 391 2998; x_wconf 92' lang='lat' dir='ltr'>et</span> <span class='ocrx_word' id='word_1_196' title='bbox 414 2935 475 2999; x_wconf 90' lang='lat' dir='ltr'>lati</span> <span class='ocrx_word' id='word_1_197' title='bbox 498 2935 669 3000; x_wconf 89' lang='lat' dir='ltr'>fumabant</span> <span class='ocrx_word' id='word_1_198' title='bbox 693 2935 848 3018; x_wconf 86' lang='lat' dir='ltr'>sulphure</span> <span class='ocrx_word' id='word_1_199' title='bbox 871 2937 987 3018; x_wconf 91' lang='lat' dir='ltr'>campi,</span> 
     </span>
    </p>

    <p class='ocr_par' dir='ltr' id='par_1_26' title="bbox 200 3023 1032 3108">
     <span class='ocr_line' id='line_1_32' title="bbox 200 3023 1032 3108; baseline -0.002 -20"><span class='ocrx_word' id='word_1_200' title='bbox 200 3024 249 3088; x_wconf 88' lang='lat' dir='ltr'>Ac</span> <span class='ocrx_word' id='word_1_201' title='bbox 273 3023 388 3108; x_wconf 86' lang='lat' dir='ltr'>gelidis</span> <span class='ocrx_word' id='word_1_202' title='bbox 412 3023 519 3088; x_wconf 82' lang='lat' dir='ltr'>Anien</span> <span class='ocrx_word' id='word_1_203' title='bbox 541 3023 728 3108; x_wconf 83' lang='lat' dir='ltr'>trepidabat</span> <span class='ocrx_word' id='word_1_204' title='bbox 752 3023 898 3088; x_wconf 90' lang='lat' dir='ltr'>caerulus</span> <span class='ocrx_word' id='word_1_205' title='bbox 923 3023 1032 3108; x_wconf 80' lang='lat' dir='ltr'>undis3</span> 
     </span>
    </p>

    <p class='ocr_par' dir='ltr' id='par_1_27' title="bbox 200 3111 1224 3198">
     <span class='ocr_line' id='line_1_33' title="bbox 200 3111 1224 3198; baseline 0.003 -22"><span class='ocrx_word' id='word_1_206' title='bbox 200 3111 245 3177; x_wconf 80' lang='lat' dir='ltr'>Et</span> <span class='ocrx_word' id='word_1_207' title='bbox 269 3112 360 3176; x_wconf 90' lang='lat' dir='ltr'>densi</span> <span class='ocrx_word' id='word_1_208' title='bbox 383 3115 458 3178; x_wconf 87' lang='lat' dir='ltr'>ante</span> <span class='ocrx_word' id='word_1_209' title='bbox 482 3112 592 3178; x_wconf 87' lang='lat' dir='ltr'>oculos</span> <span class='ocrx_word' id='word_1_210' title='bbox 611 3112 793 3198; x_wconf 90' lang='lat' dir='ltr'>iterumque</span> <span class='ocrx_word' id='word_1_211' title='bbox 810 3111 992 3196; x_wconf 89' lang='lat' dir='ltr'>iterumque</span> <span class='ocrx_word' id='word_1_212' title='bbox 1011 3111 1224 3179; x_wconf 86' lang='lat' dir='ltr'>tremendum</span> 
     </span>
    </p>
   </div>
   <div class='ocr_carea' id='block_1_4' title="bbox 202 3355 1226 3628">
    <p class='ocr_par' dir='ltr' id='par_1_28' title="bbox 202 3355 1226 3628">
     <span class='ocr_line' id='line_1_34' title="bbox 274 3355 1226 3424; baseline -0.001 -10"><span class='ocrx_word' id='word_1_213' title='bbox 274 3365 326 3414; x_wconf 93' lang='grc'>333</span> <span class='ocrx_word' id='word_1_214' title='bbox 344 3358 399 3412; x_wconf 89' lang='lat' dir='ltr'>huo</span> <span class='ocrx_word' id='word_1_215' title='bbox 418 3357 553 3414; x_wconf 77' lang='lat' dir='ltr'>Heinsius</span> <span class='ocrx_word' id='word_1_216' title='bbox 612 3364 663 3414; x_wconf 75' lang='grc'>337</span> <span class='ocrx_word' id='word_1_217' title='bbox 685 3357 824 3424; x_wconf 77' lang='lat' dir='ltr'>QueLOV</span> <span class='ocrx_word' id='word_1_218' title='bbox 843 3355 955 3421; x_wconf 70' lang='lat' dir='ltr'>Quae!</span> <span class='ocrx_word' id='word_1_219' title='bbox 1015 3362 1067 3411; x_wconf 84' lang='lat'>888</span> <span class='ocrx_word' id='word_1_220' title='bbox 1081 3355 1226 3413; x_wconf 75' lang='lat' dir='ltr'>insciach</span> 
     </span>
     <span class='ocr_line' id='line_1_35' title="bbox 202 3426 1225 3501; baseline -0.002 -15"><span class='ocrx_word' id='word_1_221' title='bbox 202 3437 255 3487; x_wconf 78' lang='lat'>343</span> <span class='ocrx_word' id='word_1_222' title='bbox 273 3431 375 3485; x_wconf 69' lang='lat' dir='ltr'>binos</span> <span class='ocrx_word' id='word_1_223' title='bbox 478 3436 530 3484; x_wconf 80' lang='grc'>346</span> <span class='ocrx_word' id='word_1_224' title='bbox 549 3429 617 3501; x_wconf 92' lang='lat' dir='ltr'>non]</span> <span class='ocrx_word' id='word_1_225' title='bbox 637 3433 728 3484; x_wconf 76' lang='lat' dir='ltr'>neor</span> <span class='ocrx_word' id='word_1_226' title='bbox 832 3433 884 3482; x_wconf 89' lang='grc'>361</span> <span class='ocrx_word' id='word_1_227' title='bbox 903 3427 988 3482; x_wconf 83' lang='lat' dir='ltr'>Elata</span> <span class='ocrx_word' id='word_1_228' title='bbox 1008 3433 1050 3480; x_wconf 81' lang='lat' dir='ltr'>ov</span> <span class='ocrx_word' id='word_1_229' title='bbox 1073 3426 1158 3482; x_wconf 77' lang='lat' dir='ltr'>Flete</span> <span class='ocrx_word' id='word_1_230' title='bbox 1176 3436 1225 3484; x_wconf 65' lang='grc' dir='ltr'><em>Π</em></span> 
     </span>
     <span class='ocr_line' id='line_1_36' title="bbox 202 3495 1226 3572; baseline 0.001 -14"><span class='ocrx_word' id='word_1_231' title='bbox 202 3508 254 3558; x_wconf 79' lang='grc'>362</span> <span class='ocrx_word' id='word_1_232' title='bbox 273 3501 339 3572; x_wconf 87' lang='lat' dir='ltr'>lati]</span> <span class='ocrx_word' id='word_1_233' title='bbox 363 3499 439 3555; x_wconf 85' lang='lat' dir='ltr'>Latii</span> <span class='ocrx_word' id='word_1_234' title='bbox 462 3501 599 3556; x_wconf 75' lang='lat' dir='ltr'>Heinsius</span> <span class='ocrx_word' id='word_1_235' title='bbox 662 3495 669 3507; x_wconf 68' lang='grc'>’</span> <span class='ocrx_word' id='word_1_236' title='bbox 713 3503 764 3553; x_wconf 90' lang='grc'>363</span> <span class='ocrx_word' id='word_1_237' title='bbox 793 3497 905 3568; x_wconf 85' lang='lat' dir='ltr'>gelidus</span> <span class='ocrx_word' id='word_1_238' title='bbox 929 3504 970 3551; x_wconf 71' lang='lat' dir='ltr'>tr</span> <span class='ocrx_word' id='word_1_239' title='bbox 994 3529 1027 3539; x_wconf 90' lang='lat'>—</span> <span class='ocrx_word' id='word_1_240' title='bbox 1051 3498 1142 3555; x_wconf 81' lang='lat' dir='ltr'>Anien</span> <span class='ocrx_word' id='word_1_241' title='bbox 1167 3517 1226 3559; x_wconf 81' lang='lat' dir='ltr'>scr.</span> 
     </span>
     <span class='ocr_line' id='line_1_37' title="bbox 202 3569 591 3628; baseline -0.013 0"><span class='ocrx_word' id='word_1_242' title='bbox 202 3572 280 3628; x_wconf 83' lang='lat' dir='ltr'>enies</span> <span class='ocrx_word' id='word_1_243' title='bbox 298 3579 340 3625; x_wconf 64' lang='lat'>111³</span> <span class='ocrx_word' id='word_1_244' title='bbox 363 3572 460 3628; x_wconf 83' lang='lat' dir='ltr'>anieo</span> <span class='ocrx_word' id='word_1_245' title='bbox 485 3569 549 3626; x_wconf 92' lang='lat' dir='ltr'>anio</span> <span class='ocrx_word' id='word_1_246' title='bbox 568 3577 591 3623; x_wconf 85' lang='lat' dir='ltr'><strong>v</strong></span> 
     </span>
    </p>
   </div>
   <div class='ocr_carea' id='block_1_5' title="bbox 0 0 1324 4014">
    <p class='ocr_par' dir='ltr' id='par_1_29' title="bbox 0 0 1324 4014">
     <span class='ocr_line' id='line_1_38' title="bbox 0 0 1324 4014; baseline 0 0"><span class='ocrx_word' id='word_1_247' title='bbox 0 0 1324 4014; x_wconf 95' lang='lat' dir='ltr'> </span> 
     </span>
    </p>
   </div>
  </div>
 </body>
</html>
