2596 4010
197 170 263 236 124
600 167 819 226 surranum

239 331 309 398 Nec
331 331 444 397 tamen
466 330 611 396 aduersis
634 333 745 396 ruerat
767 335 839 396 tota
861 330 947 397 Itala
969 331 1086 398 uirtus.

193 420 345 486 Bruttius
368 419 496 506 ingenti
517 419 717 484 miserandae
741 421 848 486 caedis
867 441 993 504 acerne,
1187 440 1220 490 15

193 509 271 574 Non
293 531 431 594 aequum
456 511 625 576 ostentans
649 508 798 574 confosso
823 531 957 592 corpore
980 507 1136 591 Martem,

193 595 368 662 Extulerat
389 598 445 662 uix
466 597 561 664 triste
584 601 684 681 caput
705 601 901 681 truncosque
923 598 1076 664 trahebat

193 685 257 751 Per
280 690 432 771 stragem,
453 686 565 750 neruis
583 685 866 768 interlabentibus,
889 689 994 770 artus3

193 774 313 839 Tenuis
338 797 445 858 opum,
467 795 534 838 non
556 777 650 858 patre
668 773 781 840 ,nitens
804 774 968 859 linguaue,
992 775 1049 840 sed
1072 798 1179 860 asper

158 885 162 896 ’
191 861 295 947 Ense3
318 885 377 928 nec
402 885 419 926 e
441 862 563 928 Uolsca
586 863 756 948 quisquam
779 863 831 928 uir
854 866 951 947 gente
973 864 1114 929 redemit
1185 883 1220 933 ιο

192 949 271 1015 Plus
296 951 367 1015 aeni
389 972 468 1016 nece
491 951 710 1036 magnanima.
732 973 811 1035 puer
834 951 951 1016 addere
975 973 1045 1016 sese

191 1037 395 1104 Pubescente
418 1060 503 1124 gena
525 1041 642 1103 castris
667 1043 853 1124 optaratet
876 1040 944 1104 acri

191 1125 356 1193 Flaminio
381 1132 544 1210 spectatus
569 1133 648 1210 erat,
671 1149 743 1194 cum
768 1124 891 1192 Celtica
913 1127 1019 1193 uictor

193 1214 353 1282 Obruerat
377 1215 465 1280 bello
489 1215 572 1282 diuis
595 1216 784 1280 melioribus
808 1237 908 1281 arma.

191 1303 271 1369 Inde
294 1305 399 1368 honor
422 1314 459 1368 ae
483 1325 593 1369 sacrae
618 1304 764 1368 custodia
787 1303 892 1368 Marte
916 1304 977 1370 sub
1000 1305 1092 1370 omni
1184 1326 1220 1374 aa

190 1389 305 1472 Alitis3
328 1392 405 1456 hinc
427 1413 559 1457 causam
582 1392 853 1478 nutriuitgloria
876 1393 944 1457 leti.

191 1479 341 1565 Namque
363 1481 452 1544 necis
477 1485 592 1566 certus,
615 1486 732 1564 captae
753 1479 927 1565 prohibere
949 1481 1101 1565 nequiret

191 1567 273 1634 Oum
296 1569 424 1634 Poenos
449 1568 585 1653 aquilae,
608 1573 782 1653 postquam
806 1569 973 1634 subsidere
995 1569 1067 1635 fata

190 1656 327 1721 Uiderat
350 1661 383 1720 et
406 1677 526 1739 magna
549 1677 692 1740 pugnam
715 1657 871 1720 inclinare
894 1658 998 1742 ruina,

193 1743 350 1810 Occulere
373 1744 538 1808 interdum
560 1749 593 1808 et
615 1749 722 1810 terrae
745 1745 898 1820 mandare
920 1746 1070 1828 parabat.
1181 1769 1219 1818 30

190 1831 263 1912 Sed,
286 1832 404 1896 subitis
428 1832 533 1897 uictus
557 1833 643 1915 telis,
665 1832 811 1897 labentia
832 1833 980 1898 membra

188 1919 375 1986 Prostrauit
399 1943 495 2004 super
518 1925 615 2004 atque
638 1921 757 1986 iniecta
780 1926 884 1986 morte
907 1922 1051 2004 tegebat.

189 2007 313 2073 Uerum
337 2009 394 2073 ubi
417 2009 473 2073 lux
496 2013 592 2074 nocte
616 2031 633 2073 e
657 2007 771 2093 Stygia
793 2009 978 2094 miseroque
1001 2033 1125 2096 sopore

188 2096 337 2180 Reddita,
359 2097 458 2162 uicini
482 2097 521 2162 de
544 2102 654 2183 strage
678 2097 844 2162 cadaueris
867 2097 966 2164 hasta

188 2184 346 2270 Erigitur,
369 2187 504 2270 soloque
526 2185 642 2269 uigens
665 2187 843 2271 conamine,
865 2187 931 2252 late
1175 2209 1213 2259 35

189 2271 406 2360 Stagnantem
431 2274 527 2339 caede
551 2279 584 2338 et
605 2275 736 2339 facilem
760 2275 922 2340 discedere
943 2279 1066 2340 terram
1107 2297 1114 2308 ·

187 2361 276 2427 Ense
298 2362 383 2428 fodit
370 2363 622 2446 t,clausamque
646 2363 774 2447 aquilae
797 2363 936 2428 infelicis
961 2365 1101 2432 adorans

186 2449 354 2538 Effigiem,
376 2451 495 2536 palmis
518 2451 676 2534 languent
661 2452 749 2516 tibus
773 2455 891 2552 aequat
876 2453 1061 2520 tharenas.

188 2537 364 2624 Supremas
386 2540 467 2606 fessi
489 2539 596 2604 tenuis
620 2543 692 2604 tum
714 2541 845 2606 cessit
836 2563 872 2604 m
895 2563 990 2606 auras

186 2627 378 2694 Halituset
363 2633 553 2715 tmagnam
577 2628 669 2695 misit
692 2630 752 2693 sub
776 2628 856 2692 Tart
842 2631 914 2692 tara
937 2633 1089 2696 mentem.
1175 2652 1213 2700 ιο

230 2716 327 2781 quta
350 2739 480 2808 cernere
503 2719 574 2782 crat
597 2717 694 2782 merit
696 2738 733 2782 ae
757 2717 820 2782 sibi
842 2739 974 2801 poscere
998 2739 1133 2784 carmen

258 2896 291 2943 14
304 2893 400 2946 ruerat
419 2891 554 2946 Heinsius
572 2890 665 2946 fuerat
682 2892 745 2946 tcta
763 2897 833 2957 chr,
860 2892 907 2947 sed
920 2893 952 2946 ιἰι
971 2890 1098 2948 Ffracta
1121 2911 1161 2950 m.
1187 2903 1209 2952 2

185 2976 323 3030 suprascr.
344 2962 390 3029 (T.
400 2979 431 3031 p.
446 2965 505 3018 230
518 2968 543 3016 er
556 2965 626 3030 237)
645 2963 739 3017 fuerat
751 2963 842 3017 fracta
854 2967 918 3014 nov
974 2967 1008 3017 15
1021 2961 1154 3020 Bruttius
1170 2973 1209 3020 cn

185 3035 219 3084 21
238 3046 309 3085 nece
313 3031 532 3113 magnanima·
553 3049 623 3100 puer
643 3033 722 3088 Thilo
740 3049 792 3088 nec
816 3032 998 3102 magnanima
1015 3049 1084 3102 puer
1104 3041 1121 3088 s
1151 3054 1207 3092 nec

185 3101 431 3184 magnanimis-
456 3101 557 3156 castris
581 3107 704 3158 cessarat
728 3104 864 3158 Heinsius
887 3120 954 3158 nam
976 3121 1079 3188 magno
1104 3106 1206 3164 animo
1281 3099 1282 3126 ¹

119 3197 121 3200 ·
185 3173 230 3227 nel
248 3172 345 3242 magni
354 3172 496 3254 'animia
514 3173 646 3242 Farwsti5
640 3176 747 3230 acrba
764 3191 816 3230 nec
831 3191 846 3228 e
859 3173 963 3229 Uolsca
981 3193 1026 3242 qu.
1040 3176 1133 3229 uir
1100 3197 1205 3234 nec

185 3259 289 3312 magna
314 3242 409 3298 anima
430 3247 474 3310 (nt
496 3247 567 3300 coni.
586 3217 775 3315 Dairaqncina)
801 3263 871 3314 puer
888 3247 1053 3370 'aagendam'
1079 3248 1206 3306 includit

187 3314 318 3369 Koch—
339 3315 441 3368 addere
461 3321 477 3368 s
495 3315 597 3370 abdere
611 3318 695 3386 anino
802 3323 836 3372 32
855 3315 960 3372 iniecta
974 3321 1035 3368 cnr
1053 3317 1203 3374 intectaI·

184 3383 283 3440 illecta
297 3389 339 3438 ov
359 3384 453 3440 efficta
472 3387 621 3440 Burmann
638 3386 743 3442 infecta
756 3389 800 3442 nel
817 3386 897 3442 inflet
884 3389 915 3442 ta
928 3388 1109 3468 Lefebnre-
1126 3391 1205 3448 mola

184 3455 320 3511 Heinsius
338 3456 399 3509 crat
401 3472 415 3509 e
433 3456 551 3536 Bentley
639 3463 836 3512 asennaa
931 3463 965 3512 36
983 3447 1084 3528 nigen's
1104 3462 1169 3514 σι’
1161 3480 1205 3517 rn-

183 3541 252 3594 gens
272 3533 287 3579 s
360 3532 393 3580 41
414 3525 530 3582 meritae
550 3532 586 3579 σι
603 3526 703 3581 merito
722 3533 745 3578 v
