2632 4014
413 176 632 234 PUNIOORUM
649 177 762 232 ulssuu
779 179 813 234 X.
1061 179 1125 244 221

115 339 255 406 Uirtutis
278 340 424 425 patrum!
448 340 576 425 quando
600 343 764 405 certamen
785 340 877 426 inire,

116 429 215 496 Cuius
237 429 343 494 uirum
369 429 500 494 mallem
523 432 644 493 memet
667 450 868 514 componere,
892 452 989 515 quam
1013 433 1069 517 qui
1093 447 1127 498 ‘10

115 518 159 583 Et
181 519 286 584 uictus
310 517 402 583 dabit
424 520 458 581 et
480 517 586 583 uictor
607 539 666 602 per
689 519 816 584 saecula
839 519 996 585 nomenP'

158 606 293 673 Talibus
317 607 491 691 increpitat
513 606 701 690 mediosque
724 607 871 672 aufertur
893 608 928 673 in
951 609 1059 674 hostis

116 695 163 760 Ac
186 700 274 762 retro
297 717 427 762 cursum
450 696 638 760 tendentem
660 696 702 760 ad
725 696 839 762 crebra
863 718 995 762 suorum

116 781 258 870 Agmina
281 786 372 850 etin
394 783 501 849 densis
524 784 689 850 furantem
712 783 858 850 membra
881 785 1036 870 maniplis

115 873 176 937 Per
200 873 345 939 conferta
367 875 474 938 uirum
497 876 530 937 et
554 873 677 958 stipata
699 873 895 939 umbonibus
919 881 1010 941 arma
1092 890 1125 941 '15

116 959 341 1047 Consequitur,
361 962 477 1027 melior
491 962 615 1048 planta,
633 968 731 1046 atque
750 963 924 1028 obtruncat
938 962 1127 1030 Acherram.

115 1049 162 1115 Ut
185 1052 273 1116 canis
297 1053 441 1117 occultos
465 1051 571 1137 agitat
593 1073 666 1117 cum
691 1051 841 1136 Belgicus
866 1073 962 1136 apros

114 1137 314 1224 Erroresque
337 1139 425 1205 ferae
447 1141 563 1206 sollers
585 1163 644 1225 per
667 1139 760 1205 deuia
782 1162 890 1205 mersa

116 1227 204 1294 Nare
226 1229 307 1314 legit
330 1231 494 1314 tacitoque
517 1251 665 1314 premens
688 1230 829 1314 uestigia
850 1233 959 1295 rostro

116 1315 250 1382 Lustrat
272 1318 454 1383 inaccessos
477 1321 654 1383 uenantum
676 1318 830 1403 indagine
854 1319 957 1384 saltus
1093 1335 1127 1385 80

115 1403 185 1470 Nec
209 1406 307 1490 sistit,
328 1407 402 1491 nisi,
425 1410 617 1490 conceptum
641 1410 783 1472 sectatus
808 1406 950 1492 odorem,

115 1491 296 1578 Deprendit
318 1496 432 1580 spissis
456 1517 574 1560 arcana
597 1495 717 1560 cubilia
739 1495 856 1560 dumis.

159 1582 206 1647 At
229 1583 345 1648 coniux
366 1583 465 1669 Iouis,
487 1587 524 1648 ut
546 1583 684 1650 Paulum
707 1585 866 1668 depellere
889 1583 984 1650 dictis

115 1669 339 1756 Nequidquam
361 1672 432 1756 fuit,
456 1677 488 1738 et
511 1673 624 1738 consul
646 1695 712 1739 non
736 1673 854 1738 desinit
876 1673 953 1758 irae,

116 1757 155 1824 In
178 1759 294 1826 facicm
319 1761 425 1828 Mauri
447 1785 559 1828 rursus
583 1767 710 1828 mutata
733 1761 895 1844 Gelestae,
1092 1775 1126 1827 85

116 1847 244 1916 Auocat
267 1851 417 1935 ignarum
442 1873 539 1916 saeuo
564 1874 584 1916 a
607 1851 783 1917 certamino
806 1851 967 1916 Poenum:

117 1935 205 2003 ‘Huc
227 1940 304 2022 tela,
322 1939 407 2023 huo,’
430 1939 547 2024 inquit,
571 1939 735 2005 ‘dextram
759 1940 1012 2024 implorantibus
1037 1939 1128 2024 affer,

117 2025 143 2090 O
168 2026 264 2092 decus
289 2033 456 2092 aeternum
479 2027 699 2114 Carthaginis.
722 2029 855 2095 horrida
877 2029 968 2094 iuxta

117 2111 307 2202 Stagnantis
332 2117 446 2181 consul
469 2117 603 2182 molitur
625 2117 751 2203 proelia
773 2119 878 2204 ripas,

114 2201 162 2267 Et
184 2203 256 2268 laus
279 2204 366 2270 haud
391 2205 455 2270 alio
479 2207 584 2271 maior
607 2207 703 2272 datur
725 2207 820 2272 hoste
843 2204 1032 2291 perempto?
1090 2221 1124 2272 90

115 2289 206 2357 Haec
230 2293 277 2358 ait
301 2297 333 2358 et
356 2294 505 2359 iuuenem
529 2295 658 2361 diuersa
681 2297 722 2361 ad
744 2297 870 2381 proelia
892 2298 1010 2378 raptat.

160 2379 331 2448 Flumineo
355 2383 511 2468 Libycam
534 2384 691 2450 turbabat
714 2386 748 2449 in
772 2405 891 2470 aggere
913 2383 1033 2468 pubem
1056 2416 1101 2428 -

117 2467 243 2535 Cristae
266 2493 386 2537 nomen
409 2477 487 2538 erat.
511 2473 562 2538 bis
585 2474 671 2539 terni
693 2473 805 2538 iuncta
827 2471 976 2536 ferebant

115 2556 220 2624 Arma
242 2581 350 2626 senem
375 2562 459 2627 eirca
481 2562 567 2647 nati3
590 2583 776 2646 pauperque
800 2563 962 2644 penatum,

117 2645 180 2712 Sed
199 2647 314 2712 domus
332 2649 420 2714 haud
439 2651 577 2715 obscura
595 2651 711 2734 Tuder,
728 2654 890 2733 notusque
908 2669 967 2732 per
984 2646 1127 2713 Umbros

115 2735 264 2800 Bellator
286 2739 423 2821 populos
447 2738 542 2802 factis
566 2743 599 2803 ct
621 2739 718 2804 caede
741 2737 878 2803 docebat
1092 2752 1127 2804 96

117 2821 282 2889 Natorum
306 2825 502 2911 armigeram
525 2847 652 2912 pugnas
675 2831 817 2892 tractare
840 2826 1016 2891 cohortem.

115 2909 282 2978 Unanima
305 2914 378 2979 inde
401 2915 554 3000 phalanx,
578 2915 675 2980 crudo
699 2917 835 2982 ducente
858 2913 1026 3000 magistro,

115 3000 296 3086 Postquam
314 3002 483 3096 hominum
503 3004 622 3070 satiata
640 3026 761 3089 necem,
783 3006 1007 3089 prostrauerat
1025 3003 1093 3068 ictu

190 3273 224 3323 69
232 3267 415 3324 certaminao
463 3273 496 3322 ⁷0
507 3267 593 3323 Cuius
611 3268 703 3322 uirum
712 3271 776 3320 cuv
794 3265 856 3334 uiro
865 3269 927 3318 nro
982 3272 1014 3321 *16
1025 3266 1129 3320 Acher-

116 3355 179 3394 ram
197 3345 235 3392 dh
253 3356 377 3395 acerram
396 3345 416 3392 s,
485 3344 519 3394 77
540 3338 667 3410 belgicus
686 3343 702 3392 Β
720 3337 839 3393 bellicus
858 3343 894 3390 cd
966 3342 1001 3392 84
1016 3335 1129 3391 destitit

116 3428 175 3466 aaa
196 3411 266 3466 Veea
284 3441 318 3451 —-
333 3409 392 3465 iras
407 3416 451 3464 cm
464 3411 552 3480 ΕΜ
625 3415 659 3464 86
673 3411 713 3466 sic
730 3416 775 3463 cm
788 3411 806 3464 l.
822 3410 838 3464 l.
853 3415 895 3463 111¹
915 3408 1036 3464 aduocat
1049 3406 1129 3476 igna-

116 3498 187 3535 uum
205 3497 289 3536 sacua
308 3481 346 3536 ad
365 3482 519 3537 certamina
529 3485 572 3534 ov
632 3479 832 3536 aeonsraecr
851 3478 964 3534 Oristio
1028 3484 1062 3534 96
1077 3479 1130 3534 du-

117 3551 240 3606 cebatlr
313 3556 347 3607 99
366 3568 465 3608 necem
484 3558 500 3605 s
523 3569 591 3608 nece
610 3553 654 3607 est
672 3553 821 3610 Liuineius
839 3552 942 3622 aliique
