2596 4010
422 116 638 172 PUNIGORUM
655 117 764 173 LIBER
781 118 829 176 VI.
1070 117 1134 184 135

121 279 290 364 Funditur,
314 283 347 344 et
369 300 453 365 pone
476 279 620 364 insurgit
642 279 693 344 uis
717 302 814 345 saeua
837 279 991 346 uirorum.

122 368 149 434 0
174 369 280 437 duam
300 367 396 434 Latio
420 369 538 433 lucem!
562 368 722 452 fastisque
745 369 927 434 notandum

120 457 267 523 Dedecus
292 480 320 542 0,
344 455 493 541 Gradiue,
516 459 622 522 tuum!
646 457 708 521 tibi
731 458 864 522 dextera
887 461 919 522 et
942 458 1015 523 urbi
1079 474 1133 525 343

120 545 210 612 Nata
232 549 308 610 tuae
330 545 420 611 tristi
443 545 616 611 damnatur
639 551 726 610 sorte
749 550 891 612 catenae.

120 635 217 700 Haud
240 656 394 720 umquam
418 633 575 699 absistam
600 633 732 720 gemitu.
755 639 797 719 te,
819 633 955 721 Regula,
977 635 1060 702 uidit

120 721 270 789 Sidonius
295 722 417 788 career!
440 726 541 807 tuque
563 723 640 788 huie
663 726 716 788 sat
739 743 861 809 magna
884 723 1050 809 triumpho

119 811 200 878 Uisa
224 833 267 896 es,
291 807 466 897 Carthago,
490 811 629 896 superis!
653 833 735 895 quae
758 833 863 896 poena
886 819 1039 898 sequetur

120 899 228 986 Digna
251 899 332 965 satis
355 901 415 964 tali
438 900 583 984 pollutos
606 899 713 965 Marte
736 899 904 966 Laconas?
1078 917 1130 968 345

166 989 212 1053 At
234 1010 321 1055 noua
344 987 486 1053 Elissaei
508 988 615 1053 iurato
639 988 770 1054 foedera
793 993 904 1073 patres

119 1075 318 1144 Consultant
341 1077 495 1142 mandare
519 1077 592 1142 duoi
614 1078 770 1162 pacisque
793 1081 993 1162 sequestrem

118 1165 249 1231 Mittere
271 1166 436 1251 poscentis
460 1165 604 1230 uinctam
626 1165 713 1230 inter
735 1167 859 1250 proelia
882 1167 1002 1252 pubem

120 1253 355 1339 Oaptiuamque
379 1276 511 1318 manum
535 1255 668 1319 duotore
690 1254 866 1338 rependere
889 1259 1011 1320 nostro.

119 1343 189 1408 Neo
211 1365 314 1426 mora,
337 1343 403 1406 iam
427 1342 537 1406 stabat
559 1343 674 1426 primis
697 1343 732 1406 in
755 1342 861 1407 litoris
880 1341 975 1407 undis
1079 1359 1131 1410 353

118 1431 242 1496 Nauali
264 1431 420 1515 propulsa
443 1431 534 1514 ratis,
557 1432 624 1496 iam
645 1431 779 1496 nautica
800 1431 904 1514 pubes

120 1519 189 1585 Aut
212 1519 304 1584 siluis
328 1519 495 1605 stringunt
517 1540 633 1603 remos,
656 1523 713 1584 aut
735 1519 841 1584 abiete
866 1523 955 1584 secta

118 1609 275 1673 Transtra
297 1613 436 1693 nouant3
459 1608 510 1672 his
534 1609 674 1673 intortas
698 1611 811 1693 aptare
834 1608 992 1693 rudentis,

119 1696 181 1761 His
204 1696 348 1760 studium
371 1700 479 1762 ereoto
503 1717 695 1782 componere
720 1697 856 1762 carbasa
879 1698 975 1762 malo.

119 1783 213 1850 Unoa
235 1786 347 1850 locant
368 1807 467 1869 prora
490 1786 617 1850 curuati
639 1786 784 1869 pondera
807 1785 894 1850 ferri.
1078 1800 1130 1850 355

120 1874 207 1938 Ante
232 1875 337 1938 omnis
361 1874 474 1938 doetus
496 1874 608 1958 pelagi
630 1873 953 1958 rectorqueearinae

119 1962 260 2046 Puppim
282 1964 375 2045 aptat
399 1962 591 2044 clauumque
615 1961 752 2026 Cothon.
775 1961 876 2027 minat
900 1983 1012 2027 aereus
1036 1963 1105 2027 alta

118 2049 245 2135 Fulgor
268 2072 351 2134 aqua
373 2049 475 2112 trifidi
499 2050 697 2132 splendentis
720 2051 754 2114 in
779 2071 918 2136 aequore
941 2051 1049 2116 rostri.

119 2139 200 2203 Tela
223 2138 320 2202 simul
342 2137 531 2222 uariamque
554 2137 663 2202 ferunt
685 2143 798 2204 eontra
821 2161 936 2223 aspera
958 2139 1052 2222 ponti

119 2227 242 2291 Rerum
267 2228 307 2290 ad
331 2230 459 2310 tempus
479 2248 581 2310 opem.
605 2227 729 2292 mediae
748 2232 816 2291 stat
834 2229 981 2314 margine
1004 2228 1132 2314 puppis,

118 2314 183 2390 Qui
206 2337 284 2380 uoee
307 2315 450 2380 alternos
473 2318 647 2379 nautarum
670 2319 829 2399 temperet
851 2315 936 2380 ictus
1078 2333 1130 2381 331

119 2404 165 2468 Et
188 2405 286 2468 remis
310 2402 411 2468 dictet
434 2404 577 2468 sonitum
600 2403 785 2487 pariterque
808 2404 921 2468 relatis

119 2491 172 2556 Ad
195 2513 365 2556 numerum
388 2492 524 2577 plaudat
547 2491 735 2557 resonantia
758 2493 886 2556 caerula
908 2491 1022 2556 tonsis.

163 2579 343 2665 Postquam
366 2580 547 2646 confectum
570 2580 680 2644 nautis
703 2601 793 2664 opus,
816 2581 962 2663 horaque
986 2601 1108 2664 cursus,

116 2667 228 2752 Atque
252 2673 376 2732 armata
398 2670 479 2733 ratis
502 2669 656 2752 uentique
680 2667 794 2732 dedere
817 2666 1027 2750 profundum:
1078 2684 1130 2733 335

120 2757 235 2822 Omnis
258 2756 356 2822 turba
378 2758 451 2840 ruit,
475 2761 596 2822 matres
619 2757 775 2840 puerique
799 2776 964 2840 senesque.

119 2844 183 2910 Per
206 2844 328 2910 medios
352 2851 463 2910 coetus
485 2845 589 2909 trahit
612 2848 708 2928 atque
730 2844 863 2908 inimica
886 2865 943 2927 per
966 2864 1024 2909 ora

193 3129 245 3179 338
264 3139 337 3205 pone
355 3139 406 3179 rer.
426 3138 518 3193 poena
536 3129 573 3176 ch
587 3139 675 3194 poene
694 3130 755 3178 nro
774 3141 846 3194 pene
864 3129 887 3178 v
902 3123 1025 3180 Poenum
1039 3123 1131 3180 Barth

119 3197 207 3266 atque
226 3212 276 3249 nm
295 3195 407 3264 Withof
475 3201 527 3250 339
541 3195 696 3249 notandum
716 3202 732 3249 Β
750 3197 903 3252 notandam
921 3197 1005 3276 nnlpo
1024 3201 1131 3252 matuta

118 3267 339 3337 interpunctione
441 3271 492 3320 346
511 3264 550 3319 At
568 3270 609 3319 ov
638 3265 678 3319 Ao
696 3272 738 3319 1AE
878 3275 931 3324 348
949 3268 1075 3321 umctam
1095 3272 1131 3319 ch

118 3336 225 3392 uictam
246 3343 262 3390 5
317 3341 369 3392 353
390 3337 511 3460 hisbbis
532 3342 547 3389 s
623 3343 675 3391 358
693 3337 781 3392 trifidi
799 3343 842 3391 ov
860 3338 962 3393 trifidis
976 3343 1017 3391 54·
1036 3335 1130 3392 trifido

120 3409 260 3464 Heinsius
367 3414 420 3463 360
464 3425 545 3462 urum
564 3407 601 3461 ad
619 3410 731 3478 tempus
748 3409 885 3464 Heinsius
903 3409 997 3464 Serum
1018 3407 1133 3466 Ernesti

122 3485 174 3534 363
195 3481 228 3534 ut
245 3478 381 3550 plaudant
400 3479 519 3549 Ruperti
591 3484 642 3534 365
666 3482 806 3548 uentoque
822 3485 838 3532 s
