2596 4010
195 193 259 258 118
595 191 663 246 SILI
681 190 814 246 ITALlCl

197 355 279 422 Cum
303 355 431 419 feruore
462 353 580 438 globos
602 353 809 418 flammarum
834 356 867 416 et
889 351 1031 418 culmina
1053 355 1181 418 torret.

197 443 268 510 Nec
290 443 358 508 tela
380 442 505 506 interea
529 445 666 506 cessant.
691 445 836 506 semusta
859 445 1047 526 gementum
1115 461 1118 466 “
1171 457 1230 507 515

195 531 305 616 Atque
328 532 478 614 amplexa
501 531 620 595 cadunt
643 531 786 594 ardentis
810 551 947 614 corpora
968 550 1089 592 ramos.

242 620 332 684 Haec
354 619 442 684 inter
464 618 648 684 miseranda
672 619 779 682 uirum
802 617 981 683 certamina
1004 617 1123 681 consul

197 708 281 774 Fece
305 709 426 791 aderat,
449 708 584 771 uoluens
608 707 690 772 iram
714 707 911 790 exitiumque
935 704 1095 788 Sychaeo

196 796 244 862 At
266 797 392 861 iuuenis
416 796 552 860 dnbiot
538 799 610 860 ttan
612 817 655 860 55
596 795 857 860 tdiscrimine
880 815 1012 878 pugnae

197 885 343 969 Occupat
366 889 516 948 euentum
540 885 608 948 telo
632 887 758 1035 tentare
761 883 936 1035 priorem3
1172 898 1229 948 520

199 972 260 1052 Cui
284 972 390 1037 medio
414 973 495 1035 lauit
481 976 532 1036 ter
555 972 747 1056 clipeostet
748 973 882 1035 rtaeris
906 970 941 1035 in
964 991 1021 1034 ora

198 1045 316 1146 (iaspis
340 1064 373 1124 et
397 1056 564 1144 oppositas
583 1061 686 1124 uetita
705 1063 756 1124 est
778 1060 962 1123 tramittere
985 1062 1103 1123 crates,

201 1148 264 1215 Sed
287 1171 354 1213 non
377 1151 410 1212 e
395 1150 546 1212 tconsul
570 1149 670 1213 misso
694 1148 922 1213 concrederet
908 1147 974 1212 telo

198 1237 380 1302 Fortunam
405 1241 536 1320 optatae
560 1237 666 1300 caedis
690 1241 786 1319 parat
809 1257 845 1300 ac
868 1236 956 1299 latus
981 1256 1056 1298 cnse

198 1325 333 1409 Haurit3
356 1347 416 1389 nec
439 1325 557 1390 crudae
580 1325 753 1389 tardarunt
775 1325 923 1410 tegmina
945 1343 1090 1406 parmae.
1171 1340 1226 1389 525

199 1415 334 1480 Labitur
357 1413 471 1478 infelix
495 1418 592 1498 atque
616 1413 819 1498 appetitore
844 1417 975 1476 cruento

198 1504 362 1568 Tellurem
386 1503 546 1584 expirans.
569 1505 649 1585 tum,
673 1501 873 1565 diffundente
895 1521 953 1582 per
978 1502 1068 1562 artus

199 1591 338 1676 Frigore
362 1611 396 1654 se
421 1589 548 1674 Stygio,
571 1593 759 1654 manantem
782 1590 816 1652 in
840 1589 967 1653 uiscera
989 1590 1137 1652 mortem

201 1679 331 1761 Accipit
354 1682 386 1741 et
408 1677 508 1760 longo
532 1678 700 1761 componit
723 1677 847 1741 lumina
870 1698 994 1741 somno.

243 1767 351 1849 Atque
374 1787 413 1828 ea
436 1765 512 1828 dum
534 1767 635 1830 uariis
659 1767 839 1850 permixtus
864 1765 973 1829 tristia
994 1763 1134 1830 Mauors
1172 1783 1228 1832 530

199 1851 339 1920 Casibus
363 1853 512 1937 alternat,
535 1853 600 1918 iam
623 1855 740 1918 castris
763 1853 860 1938 Mago
884 1851 1016 1935 relictis,

182 1943 270 2018 ,Iam
292 1941 416 2025 Libyae
440 1941 553 2006 ductor
576 1942 785 2026 properantia
808 1943 902 2026 signa
925 1941 1025 2006 citato

97 2067 102 2078 ·
199 2031 387 2114 Raptabant
410 2049 506 2094 cursu
530 2034 562 2094 et
580 2035 712 2095 cessata
735 2053 890 2115 reponere
913 2029 1079 2094 hauebant

201 2119 363 2203 Tempora
386 2117 482 2182 caede
505 2119 612 2182 uirum
637 2141 674 2184 ac
697 2121 800 2184 multo
823 2139 960 2202 pensare
984 2138 1108 2184 cruore.

201 2203 234 2272 It
257 2207 373 2291 globus
396 2206 583 2290 intorquens
606 2207 752 2292 nigranti
774 2207 904 2270 turbine
926 2207 1045 2270 nubem
1173 2225 1229 2275 535

201 2295 359 2380 Pulueris,
379 2299 411 2358 et
434 2295 540 2378 surgit
563 2295 700 2360 sublatis
725 2317 858 2378 campus
880 2293 1025 2376 harenis3

201 2385 336 2468 Quaque
358 2383 465 2447 ferens
489 2405 635 2468 gressum
658 2384 762 2448 flectit
784 2383 927 2466 uestigia
949 2383 1074 2466 ductor,

200 2473 348 2539 Undanti
372 2471 492 2536 circum
515 2476 695 2556 tempestas
719 2475 791 2536 aeta
814 2471 958 2556 procella
1000 2471 1003 2478 '

200 2561 353 2627 Uoluitur
377 2565 473 2645 atque
498 2563 583 2624 altos
607 2562 713 2645 operit
737 2559 875 2644 caligine
898 2559 1029 2623 montis.

201 2651 388 2716 Occubuere
411 2649 516 2714 femur
538 2648 718 2733 Fontanus,
741 2648 828 2712 Buta
852 2669 1007 2712 canorum
1169 2666 1226 2716 540

201 2739 361 2803 Transfixi
385 2741 510 2823 guttur,
532 2759 708 2821 pressoque
732 2759 748 2800 5
771 2737 905 2800 uulnere
929 2734 1038 2820 cuspis

200 2827 372 2910 Prospexit
395 2830 496 2911 terga.
519 2825 605 2890 huno
629 2826 741 2890 tristes
765 2826 875 2889 luxere
897 2823 1067 2908 Fregellae

199 2914 416 2998 Multiplicem
438 2915 577 2997 proauis,
599 2914 685 2978 hunc
708 2918 811 2978 mater
834 2912 988 2996 Anagnis
1009 2911 1111 2974 fleuit.

201 3003 300 3066 Haud
324 3002 433 3084 dispar
455 3001 587 3066 fortuna
611 3003 682 3086 tibi,
704 3001 856 3087 Laeuine²
879 3001 935 3066 sed
960 3021 1038 3065 auso

202 3091 279 3156 Non
302 3091 428 3173 eadem3
450 3111 554 3174 neque
578 3091 665 3154 enim
688 3091 785 3176 Tyrio
810 3111 999 3156 concurrere
1022 3087 1093 3172 regi
1167 3105 1222 3155 545

273 3269 326 3320 514
344 3262 478 3335 culmina]
498 3263 640 3318 luminas
711 3269 763 3319 515
782 3264 918 3319 semiusta
936 3268 978 3316 ov
1055 3266 1107 3316 520
1127 3261 1220 3332 priori

201 3337 336 3392 Heinsius
398 3340 449 3388 521
469 3334 553 3406 aeris]
573 3335 679 3390 acrias
738 3340 790 3388 524
809 3337 839 3389 at
857 3334 1037 3403 Deosquec'as
1095 3337 1149 3387 526
1165 3351 1218 3402 ap-

202 3408 276 3477 petit
295 3413 331 3459 05
377 3411 428 3460 533
447 3405 590 3459 hauebant
608 3410 645 3457 05
662 3405 808 3460 habebant
825 3410 889 3458 Lrv
908 3404 1062 3459 h'ebantv
1108 3408 1162 3458 540
1176 3405 1218 3458 fe-

201 3496 264 3532 mur
283 3477 499 3545 05515526-
520 3475 643 3530 fontanis
664 3481 758 3528 02-
779 3477 852 3530 Buta
871 3477 978 3530 cntt
1047 3475 1218 3529 5421555555

201 3547 277 3602 cml.
292 3548 309 3602 l.
328 3545 540 3616 lussereV(T
551 3563 581 3616 p.
600 3550 672 3613 220)
