2632 4014
201 180 264 247 192
596 177 819 234 srarrramcr

197 343 333 408 Muralis
356 343 473 426 fossas,
495 341 657 406 undosum
680 341 832 428 frangere
854 342 961 406 nando

198 432 336 497 indutus
359 432 493 496 thoraca
516 431 649 516 uadum,
673 430 858 515 spectacula
880 433 975 494 tanta

199 520 287 585 Ante
312 521 397 585 acies
420 519 552 584 uirtutis
577 523 678 584 crant.
702 541 798 602 saepe
823 519 900 584 alite
923 519 1039 604 planta
1162 535 1216 585 555

196 608 260 674 Ilia
282 609 466 694 perfossum
489 612 522 672 et
545 607 653 693 campi
675 629 734 693 per
757 612 872 693 aperta
894 607 1072 692 uolantem,

196 697 270 782 Ipse
293 697 402 784 pedes,
424 697 605 782 praeuertit
629 719 764 782 equum,
787 717 883 780 saepe
906 696 1025 762 arduus
1049 697 1136 762 idem

199 784 389 852 Castrorum
412 786 554 870 spatium
578 789 611 850 et
634 807 712 850 saxo
736 785 880 850 tramisit
903 789 937 850 et
958 783 1090 872 hasta3'

199 873 322 940 Martia
343 875 434 940 frons
457 873 633 958 facilesque
657 895 768 939 comae
790 896 851 940 nec
873 896 957 957 pone
979 878 1133 960 retroque

201 962 369 1029 Caesaries
392 963 536 1047 breuior3
558 963 745 1048 flagrabant
768 963 893 1027 lumina
915 963 989 1027 miti
1161 979 1215 1032 550

197 1051 353 1136 Aspectu,
377 1055 556 1135 gratusque
579 1051 686 1116 inerat
709 1050 890 1116 uisentibus
913 1051 1039 1117 horror.
1123 1055 1126 1058 ’

242 1139 347 1205 Affuit
370 1145 403 1205 et
426 1137 565 1225 Samnis,
586 1139 731 1205 nondum
753 1143 910 1224 uergente
932 1139 1045 1206 fauore

199 1227 252 1292 Ad
275 1227 412 1312 Poenos,
436 1229 491 1294 sed
513 1250 572 1294 nec
595 1228 701 1294 ueteri
722 1233 881 1314 purgatus
905 1229 947 1294 ab
970 1229 1029 1294 ira.

199 1316 261 1393 Qui
285 1317 439 1382 Batulum
461 1315 652 1402 Nucrasque
675 1323 812 1397 metunt,
834 1315 996 1382 Bouiania
1018 1317 1137 1402 quique

198 1406 381 1492 Exagitant
402 1407 516 1489 lustra,
540 1411 596 1472 aut
619 1405 771 1472 Caudinis
795 1405 943 1472 faucibus
967 1405 1110 1490 haerent,
1160 1421 1214 1473 555

199 1494 243 1558 Bt
267 1517 349 1580 quos
373 1497 430 1562 aut
453 1494 583 1578 Rufrae,
607 1517 687 1579 quos
711 1498 768 1558 aut
792 1495 959 1578 Aesernia,
982 1517 1105 1580 quosne

200 1582 349 1650 Obscura
371 1582 502 1648 incultis
527 1583 691 1648 Herdonia
714 1583 806 1648 misit
828 1583 870 1648 ab
894 1584 992 1669 agris.

243 1671 402 1753 Bruttius,
427 1671 515 1735 haud
538 1671 649 1755 dispar
673 1671 865 1756 animorum,
887 1693 1016 1758 unaque
1038 1671 1192 1736 iuuentus

199 1759 339 1824 Lucanis
363 1759 468 1824 excita
491 1759 576 1843 iugis
600 1759 804 1844 Hirpinaque
827 1761 929 1844 pubes

198 1846 363 1912 Horrebat
385 1847 460 1912 telis
483 1851 516 1911 et
539 1851 633 1930 tergo
656 1848 785 1913 hirsuta
806 1848 958 1914 ferarum.
1160 1865 1215 1916 575

198 1935 268 2000 Hos
291 1940 430 2000 uenatus
455 1936 524 2001 alit.
548 1937 652 2001 lustra
674 1937 837 2002 incoluere
861 1938 1016 2022 sitimque

198 2027 362 2090 Auertunt
384 2024 493 2104 fluuio,
517 2027 685 2110 somnique
709 2027 821 2091 labore
844 2030 1012 2109 parantur.

243 2112 383 2177 Additur
405 2113 457 2178 hie
481 2111 620 2178 Calaber
644 2111 907 2198 Sallentinaeque
931 2116 1081 2180 cohortes

198 2199 334 2266 Necnon
357 2200 577 2286 Brundisium,
601 2225 664 2288 quo
689 2203 806 2268 desinit
829 2201 915 2268 Itala
938 2205 1044 2268 tellus.

198 2289 340 2356 Parebat
363 2291 449 2378 legio
474 2291 587 2356 audaci
609 2291 768 2376 permissa
792 2290 947 2376 Cethego
1161 2308 1215 2358 575

200 2377 260 2446 Oui
283 2380 387 2445 socias
411 2381 497 2445 uires
522 2384 619 2464 atque
642 2380 817 2445 indiscreta
839 2380 993 2466 maniplis

199 2469 302 2532 Arma
324 2469 550 2534 recensebant:
572 2491 658 2532 nunc
682 2490 752 2533 sese
776 2470 947 2534 ostendere
970 2469 1064 2534 miles

197 2556 375 2622 Leucosiae
399 2579 416 2622 e
440 2557 590 2642 scopulis,
612 2579 708 2643 nunc,
732 2580 827 2642 quem
849 2557 996 2624 Picentia
1019 2557 1139 2622 Paesto

272 2843 333 2892 554.
358 2844 409 2892 555
432 2839 516 2894 aerbo
544 2838 707 2907 spectacula
728 2869 765 2879 -
790 2839 871 2892 erant
893 2839 977 2893 Blose
1003 2839 1083 2894 unas
1102 2839 1214 2895 includi

198 2909 272 2964 iubet
344 2913 397 2962 554
413 2909 546 2964 Batalum
565 2914 626 2962 (th
645 2939 678 2949 -
697 2908 861 2976 Nucrasque
880 2913 917 2960 55
934 2925 1101 2978 macraeque
1117 2915 1133 2961 s
1151 2909 1214 2964 Ma·

199 2995 316 3047 orasque
334 2981 511 3048 Daurqceras
535 2979 696 3048 Bucamque
715 2980 835 3050 Ruperti
861 3009 893 3020 -
913 2981 1025 3034 metunt
1042 2985 1125 3034 5555
1151 2998 1213 3034 mu-

198 3054 295 3104 tuneo
314 3053 385 3106 deest
402 3053 434 3104 ia
451 3056 474 3102 V
582 3057 633 3106 555
652 3050 807 3119 Exagitant
826 3055 862 3102 05
885 3050 1055 3120 saligonis
1074 3051 1215 3106 Exercent

198 3123 282 3190 culpo
300 3121 450 3189 Uestigant
468 3122 601 3189 Lefelrurc
713 3126 765 3176 555
784 3120 888 3176 Rufrae
907 3121 1043 3178 Heinsius
1070 3123 1161 3176 Rulae
1176 3129 1214 3176 55

199 3193 319 3246 rufi-eta
338 3191 428 3262 rasere
448 3195 479 3260 (u
497 3196 647 3261 suprascr.)
666 3199 687 3246 5
706 3192 791 3246 rulrie
810 3197 853 3245 07
873 3223 906 3232 -
921 3191 1058 3248 Aesernia
1075 3193 1214 3249 Halmius

202 3261 377 3318 aeserniam
397 3261 552 3319 cesarinao
572 3262 734 3319 casiriniav
752 3263 960 3333 Eserniawulqo
1037 3269 1090 3320 558
1104 3265 1213 3320 haudr

200 3335 249 3387 aut
267 3337 331 3386 507
492 3339 544 3388 573
564 3333 791 3404 Sallentinaeque
811 3339 875 3388 (757
903 3334 1129 3405 sallentinaeque
1148 3342 1212 3390 550

200 3409 252 3459 574
270 3403 447 3460 Brundisium
467 3410 549 3458 0er
577 3406 760 3460 brundusium
779 3411 822 3460 07
980 3412 1032 3462 575
1052 3409 1212 3478 cethegoo

200 3477 260 3529 cete
282 3492 298 3530 o
316 3481 381 3529 Lrv
519 3481 579 3532 575.
599 3483 650 3534 577
671 3477 725 3544 Qui
745 3507 777 3518 -
797 3476 961 3532 recensebat
979 3479 1066 3534 Bothe
1084 3483 1110 3534 ct
1127 3479 1214 3534 Blass

200 3550 251 3600 578
293 3548 420 3604 eucasiae
441 3549 572 3605 Haustus
590 3579 626 3590 -
644 3549 779 3620 scopulis]
799 3549 911 3617 populis
931 3555 987 3601 cd!
