2632 4014
188 159 253 224 178
584 156 652 211 SILI
669 156 804 212 lTALICI

187 321 270 386 Tum
295 319 495 405 Cyrenaeam
517 319 595 384 fatis
620 320 823 405 agitantibus
846 320 962 385 urbem

190 409 350 494 Deueni03
373 409 450 474 hinc
473 409 593 473 uestris
616 409 724 494 pelagi
748 409 798 474 uis
822 409 948 494 appulit
971 409 1046 473 oris.
1148 423 1201 474 159

234 496 346 564 Motus
361 503 431 562 erat
444 497 671 582 placidumque
686 497 829 562 animum
842 501 1046 582 mentemque
1061 497 1206 582 quietam

192 587 310 653 Troius
333 587 368 651 in
390 586 543 651 miseram
565 593 673 651 rector
696 590 883 671 susceperat
905 585 1042 651 Annam.

188 675 321 760 Iamque
346 675 451 740 omnis
474 675 583 740 luctus
607 675 775 758 omnisque
798 697 816 739 e
839 678 969 759 pectore
993 697 1087 740 curas

188 765 392 850 Dispulerat,
414 763 571 848 Phrygiis
594 785 654 828 neo
677 764 743 828 iam
767 763 907 848 amplius
931 764 1057 828 aduena
1079 763 1176 829 tectis

187 853 251 918 llla
272 853 457 920 uidebatur.
480 852 582 918 tacito
604 875 671 918 nox
694 857 767 917 atra
789 874 904 936 sopore
1015 863 1018 870 '

193 939 318 1006 Cuncta
341 963 399 1024 per
422 945 456 1005 et
478 943 583 1004 terras
607 946 639 1005 et
662 941 723 1004 lati
747 946 864 1026 stagna
886 940 1039 1026 profundi
1153 955 1205 1005 161

192 1029 399 1112 Condiderat,
421 1029 510 1094 tristi
533 1051 605 1094 cum
628 1029 714 1094 Dido
738 1029 918 1114 aegerrima
940 1030 1034 1094 uultu

191 1119 263 1183 Has
287 1119 359 1183 uisa
375 1118 409 1182 in
434 1117 555 1182 somnis
580 1137 753 1202 germanae
776 1118 937 1183 effundere
960 1139 1069 1182 uoces:

191 1206 279 1291 ‘His
302 1228 404 1290 soror,
426 1207 461 1270 in
484 1207 579 1272 tectis
602 1209 719 1292 longae
742 1207 909 1291 indulgere
932 1207 1042 1290 quieti,

191 1295 264 1360 Heu
287 1295 425 1360 nimium
449 1317 570 1379 secura,
592 1296 708 1380 potes?
731 1317 799 1381 nec,
823 1316 904 1380 quae
927 1295 990 1361 tibi
1011 1294 1143 1363 fraudes

189 1384 385 1468 Tenduntur,
408 1406 491 1468 quae
514 1385 723 1449 circumstent
746 1383 940 1468 discrimina,
963 1386 1089 1452 cernis?
1151 1403 1204 1453 170

188 1475 238 1538 Ac
261 1473 406 1537 nondum
428 1477 542 1538 nostro
565 1472 727 1537 infaustos
750 1473 923 1558 generique
948 1473 1081 1559 soloque

189 1561 448 1627 Laomedonteae
471 1560 578 1626 noscis
601 1561 730 1626 telluris
754 1561 926 1627 alumnos?

186 1649 274 1714 Dum
298 1650 424 1714 caelum
446 1650 560 1732 rapida
584 1650 695 1714 stellas
718 1651 881 1734 uertigine
904 1651 1024 1734 uoluet,

186 1738 340 1821 Lunaque
362 1737 507 1802 fraterno
530 1737 686 1802 lustrabit
708 1739 829 1802 lumine
850 1742 965 1822 terras,

186 1825 256 1890 Pax
278 1825 370 1890 nulla
392 1825 562 1891 Aeneadas
585 1827 670 1890 inter
692 1825 871 1911 Tyriosque
895 1828 1050 1892 manebit.
1149 1844 1203 1893 175

188 1913 302 1998 Surge,
325 1935 396 2000 age,
419 1913 486 1978 iam
508 1915 625 1980 tacitas
650 1920 801 1998 suspecta
823 1915 962 1980 Lauinia
985 1915 1114 1981 fraudes

188 2002 325 2068 Molitur
348 2003 518 2086 dirumque
540 2003 632 2068 nefas
657 2005 717 2068 sub
741 2004 835 2070 corde
859 2005 996 2070 uolutat.

183 2092 423 2157 Praeterea-
445 2114 485 2155 ne
507 2091 593 2156 falsa
614 2097 709 2176 putes
732 2092 812 2157 haee
834 2093 956 2177 fingere
980 2115 1129 2158 somnum
1150 2130 1198 2142 -
1301 2163 1302 2180 ,

185 2181 282 2246 Haud
304 2182 418 2264 procul
440 2180 517 2245 hinc
540 2202 641 2265 paruo
666 2181 860 2246 descendens
884 2180 976 2246 fonte
999 2180 1158 2250 Numicus

186 2269 324 2334 Labitur
347 2273 380 2333 et
402 2269 468 2333 leni
490 2291 548 2352 per
570 2270 672 2333 ualles
696 2269 842 2335 uoluitur
865 2291 968 2334 amne.
1150 2286 1203 2338 180

186 2357 258 2422 Huc
280 2358 396 2442 rapies,
419 2377 583 2442 germana,
606 2358 692 2421 uiam
716 2361 869 2442 tutosque
892 2361 1051 2443 receptus.

186 2446 231 2509 'Pe
255 2467 347 2510 sacra
369 2446 529 2529 excipient
551 2445 672 2510 hilares
695 2445 888 2510 influmine
914 2446 1098 2530 Nymphae,

185 2537 426 2619 Aeternumque
449 2534 543 2598 Italis
566 2556 684 2599 numen
708 2534 913 2600 celebrabere
935 2536 970 2599 in
994 2534 1080 2601 oris.'

187 2620 240 2687 Sic
263 2621 390 2686 fatain
413 2627 544 2688 tenuem
567 2622 746 2688 Phoenissa
770 2623 903 2688 euanuit
929 2646 1051 2688 auram.

235 2713 328 2774 Anna
350 2712 444 2776 nouis
469 2733 582 2777 somno
607 2712 767 2776 excutitur
790 2713 965 2796 perterrita
989 2713 1080 2796 uisis,
1149 2729 1201 2778 185

188 2798 283 2883 Itque
307 2799 405 2864 timor
428 2804 516 2864 totos
540 2800 647 2882 gelido
672 2801 787 2864 sudore
809 2823 867 2884 per
890 2807 989 2866 artus.

187 2886 287 2972 Tunc,
310 2893 347 2952 ut
370 2892 441 2952 erat
462 2888 553 2954 tenui
576 2910 692 2974 corpus
716 2888 876 2954 uelamine
899 2892 994 2971 tecta,

185 2973 343 3040 Prosiluit
366 2975 479 3040 stratis
503 2976 682 3060 humilique
706 2998 837 3062 egressa
859 2976 1003 3042 fenestra

185 3061 248 3128 Per
271 3065 401 3148 patulos
424 3065 525 3128 currit
546 3066 670 3148 plantis
693 3066 876 3148 pernicibus
901 3087 1008 3151 agros,

183 3151 297 3218 Donec
319 3153 490 3236 harenoso,
512 3153 558 3217 sio
581 3153 679 3236 fama,
701 3151 870 3218 Numicius
893 3154 984 3218 illam
1147 3173 1200 3222 190

186 3239 337 3326 Suscepit
358 3241 483 3326 gremio
506 3241 682 3326 uitreisque
705 3241 910 3308 abscondidit
933 3241 1046 3308 antris.

186 3377 399 3385 -.-.-.-——-—

259 3455 308 3504 171
334 3451 375 3504 Ac
407 3450 604 3506 Drakenborch
627 3449 666 3505 Ar
693 3453 732 3506 ed.
758 3451 822 3506 Van.
851 3453 894 3504 An
917 3452 962 3506 uel
995 3450 1041 3506 Ah
1063 3451 1202 3509 Heinsius

186 3526 237 3575 172
258 3521 361 3592 noscis]
385 3521 472 3576 sentis
490 3521 640 3577 Liuineius
658 3520 748 3576 nescis
767 3523 806 3576 ed.
827 3521 931 3594 Gryph.
949 3523 1024 3578 nosti
1041 3523 1126 3578 Bloer
