2632 4016
204 195 224 256 6
605 193 674 249 Slhl
693 191 825 248 ITALlCl

201 355 310 438 Atque
333 355 501 420 hominum
525 357 622 420 finem
647 354 748 420 Gadis
772 352 959 440 Calpenque
983 358 1122 438 secutus,

201 443 289 508 Dum
310 442 375 509 fert
397 443 567 509 Herculeis
592 443 823 509 Garamantica
845 444 941 530 signa
964 443 1134 528 columnis,

201 531 361 596 Oooubuit
384 554 482 597 saeuo
505 532 623 616 Tyrius
647 533 824 597 certamine
849 532 972 597 ductor.

245 618 375 685 Interea
399 621 732 687 rerum⁸Hasdrubali
754 621 929 685 traduntur
952 621 1114 704 habenae,

201 707 335 773 Occidui
359 709 415 793 qui
438 710 517 774 solis
541 732 619 796 opes
643 713 677 775 et
700 710 819 794 uulgus
843 708 1002 774 Hiberum
1166 725 1220 774 145

200 796 447 881 Baeticolasque
471 798 558 863 uiros
582 799 676 863 furiis
700 798 850 883 agitabat
873 798 1002 882 iniquis.

200 885 323 949 Tristia
346 887 443 951 corda
466 887 565 972 ducis,
589 887 687 951 simul
710 886 960 951 immedicabilis
983 886 1043 968 ire,

200 972 246 1036 Et
264 972 389 1039 fructus
413 976 507 1060 regni
530 975 643 1040 feritas
668 978 751 1059 erat3
775 996 870 1058 asper
893 996 1004 1040 amore

205 1060 391 1148 Sanguinis,
415 1067 447 1128 et
470 1063 572 1128 metui
596 1064 727 1128 demens
751 1063 903 1128 credebat
925 1063 1096 1148 honorem3

201 1148 272 1215 Nec
294 1155 374 1215 nota
397 1151 511 1217 docilis
534 1174 640 1236 poena
664 1151 784 1216 satiare
806 1151 943 1216 furores.
1167 1167 1221 1216 150

204 1238 269 1303 Ore
293 1240 505 1305 excellentem
529 1245 562 1304 et
585 1243 767 1324 spectatum
789 1239 931 1305 fortibus
955 1239 1043 1303 ausis

203 1325 350 1413 Antiqua
374 1328 412 1393 de
436 1329 538 1414 stirpe
561 1329 698 1416 Tagum,
722 1350 939 1413 superumque
962 1327 1197 1412 hominumque

201 1416 387 1501 immemor,
411 1421 518 1482 erecto
542 1418 695 1482 suffixum
719 1418 837 1483 robore
860 1416 995 1483 maestis

205 1503 403 1569 Ostentabat
426 1527 529 1571 ouans
548 1507 678 1591 populis
703 1507 772 1570 sine
795 1507 908 1571 funere
930 1526 1051 1591 regem.

202 1592 348 1656 Auriferi
371 1592 481 1676 Tagus
505 1595 609 1659 ascito
633 1594 825 1679 cognomina
848 1594 950 1658 fontis
1166 1610 1220 1660 155

201 1681 328 1763 Perque
352 1683 447 1744 antra
471 1685 504 1744 et
526 1682 615 1764 ripas
638 1682 792 1766 nymphis
817 1682 962 1746 ululatus
984 1680 1128 1767 Hiberis,

200 1767 386 1832 Maeonium
409 1790 475 1833 non
498 1770 553 1834 ille
576 1770 705 1852 uadum,
728 1791 796 1834 non
818 1769 922 1852 Lydia
946 1769 1061 1834 mallet

200 1854 326 1941 Stagna
350 1856 423 1938 sibi,
444 1878 504 1921 neo
529 1858 585 1941 qui
608 1860 702 1942 riguo
726 1857 933 1941 perfunditur
957 1880 1036 1922 auro

200 1943 360 2027 Campum
385 1948 483 2029 atqua
507 1946 609 2011 illatis
632 1946 749 2012 Hermi
771 1947 920 2011 flauescit
942 1947 1084 2012 harenis.

200 2030 332 2097 Primus
356 2033 438 2097 inire
461 2056 589 2118 manus,
611 2040 795 2119 postremus
819 2057 938 2119 ponere
960 2034 1113 2120 Martem3
1167 2054 1221 2104 roo

200 2120 285 2186 (lum
308 2121 458 2206 rapidum
482 2123 592 2188 effusis
617 2127 729 2209 ageret
753 2124 900 2189 sublimis
924 2125 1060 2189 habenis

201 2207 458 2295 Quadrupedem,
481 2232 548 2275 non
572 2234 647 2277 ense
671 2213 788 2297 uirum,
811 2235 877 2278 non
900 2213 1025 2277 eminus
1049 2213 1146 2278 hasta

202 2296 326 2362 Sistere
350 2302 435 2382 erat,
457 2300 618 2365 uolitabat
643 2322 744 2366 ouans
769 2301 918 2385 aciesque
941 2322 999 2386 per
1023 2302 1136 2366 ambas

197 2385 270 2450 Iam
293 2386 403 2470 Tagus
428 2388 550 2452 auratis
575 2390 813 2475 agnoscebatur
836 2391 871 2453 in
894 2391 1003 2454 armis.

199 2474 301 2550 Quem
324 2479 498 2560 postquam
522 2477 591 2541 diro
617 2499 809 2560 suspensum
832 2478 949 2542 robore
973 2478 1055 2543 uidit
1167 2497 1220 2547 165

202 2563 391 2628 Deformem
415 2564 474 2629 leti
497 2564 650 2649 famulus,
672 2566 758 2630 clam
781 2566 918 2649 corripit
940 2587 1051 2631 ensem

203 2651 369 2718 Dilectum
393 2653 526 2719 domino
550 2654 728 2738 pernixque
751 2654 904 2738 irrumpit
927 2654 962 2718 in
985 2655 1095 2720 aulam

201 2741 310 2825 Atque
333 2742 459 2807 immite
482 2742 561 2808 ferit
585 2743 750 2828 geminato
773 2744 906 2807 uulnere
929 2748 1050 2826 pectus.

200 2829 246 2892 At
269 2828 380 2912 Poeni,
404 2853 558 2896 succensa
581 2833 630 2896 ira
653 2832 850 2915 turbataque
874 2831 965 2896 luctu

273 2989 323 3038 146
349 2985 431 3040 furiis
459 2993 496 3040 ch
523 2988 589 3043 fatis
622 2991 687 3041 LOV
714 2989 786 3044 deest
808 2989 840 3042 r'ra
863 2994 883 3040 1‘
915 2988 961 3054 (T.
981 3006 1011 3059 p.
1036 2991 1106 3056 232)
1129 2989 1217 3044 frenis

204 3055 340 3110 Schrader
358 3056 440 3109 furtis
462 3057 551 3126 Otorp
634 3063 684 3114 141
704 3058 768 3114 duci
786 3059 922 3115 Heinsius
1010 3065 1061 3114 149
1080 3061 1219 3114 honorum

205 3126 342 3181 Schrader
414 3132 465 3181 153
485 3127 616 3183 suffixum
635 3135 654 3182 0
673 3131 705 3184 r'a
722 3147 824 3186 rasura
842 3130 977 3186 suffocnm
991 3136 1064 3195 HV,
1082 3132 1130 3186 sed
1147 3133 1179 3186 r'rr
1196 3137 1218 3185 1.

198 3202 1028 3337 16611666611161116161
1047 3203 1218 3329 {lenm

198 3337 328 3392 flauescit
350 3345 371 3391 r
394 3338 446 3395 her
475 3343 548 3406 (mus
567 3357 602 3395 ra.
621 3347 641 3397 2
659 3346 810 3412 suprascr.)
833 3341 990 3396 inflauescit
1017 3347 1040 3393 V
1066 3344 1119 3396 hec
1137 3343 1216 3400 infla·

200 3409 292 3463 nescit
310 3415 329 3462 0
347 3411 461 3465 hermus
475 3409 664 3466 inflanescitI.
678 3413 725 3480 (T.
742 3431 772 3480 p.
790 3415 859 3480 243)
916 3417 967 3467 160
986 3429 1085 3466 manus
1099 3419 1119 3466 1.
1132 3431 1216 3470 manu

196 3484 262 3532 rov
370 3488 421 3537 166
440 3481 492 3536 leti
517 3487 561 3534 cm
579 3483 636 3550 Ep.
651 3487 687 3538 57
706 3488 770 3536 Lov
789 3483 871 3538 lateri
889 3488 910 3534 Ρ
931 3484 977 3550 (T.
988 3501 1018 3553 p.
1034 3487 1094 3540 232
1108 3489 1134 3539 ct
1147 3488 1215 3558 234)

199 3555 250 3606 167
269 3550 423 3623 pernixque
442 3559 485 3606 cm
504 3553 522 3608 l.
541 3555 559 3608 t.
598 3559 648 3608 169
668 3569 804 3609 succensa
821 3561 837 3606 s
856 3555 981 3609 succensi
1001 3556 1085 3624 calpa
