2632 4016
202 175 245 240 52
603 172 671 227 SILI
688 171 820 228 ITALICI

202 338 242 403 In
266 335 454 420 Capitolina
476 336 638 400 tumulum
661 335 743 399 mihi
765 335 908 400 uindicet
930 357 1013 401 arce.

205 426 255 489 Tu
277 446 366 509 uere,
388 424 474 490 tanti
497 423 576 488 felix
600 446 698 508 quam
722 423 828 509 gloria
849 428 964 508 partus

206 513 378 598 Expectat,
400 512 585 578 ueneranda
607 512 679 598 fide,
703 511 829 577 discede
852 512 981 596 periclis

204 601 328 666 Incerti
350 599 468 666 Martis
492 600 654 685 durosque
676 600 823 684 relinque
846 601 991 685 labores,

204 689 275 755 Nos
299 691 429 755 clausae
451 689 582 754 niuibus
605 711 701 774 rupes
725 692 945 773 suppostaque
969 690 1060 755 eaelo
1185 706 1223 754 eo

204 778 290 844 Saxa
314 782 459 863 manent;
481 796 540 843 nos
564 779 706 860 Alcidae,
729 778 869 842 mirante
891 799 1041 864 nouerca,

207 865 348 932 Sudatus
371 867 466 932 labor
489 870 532 951 et,
554 866 651 931 bellis
675 866 769 930 labor
792 865 906 950 acrior,
929 865 1040 950 Alpes.

203 953 296 1030 Quod
320 955 347 1020 si
370 955 569 1040 promissum
591 957 701 1018 uertat
722 953 870 1019 Fortuna
892 953 1041 1020 fauorem

204 1043 377 1129 Laeuaque
401 1044 444 1108 sit
466 1043 600 1128 coeptis,
623 1047 658 1106 te
680 1042 780 1127 longa
803 1045 891 1107 stare
915 1047 1046 1108 senecta

204 1132 395 1216 Aeuumque
419 1131 600 1196 extendisse
623 1131 738 1214 uelim3
761 1134 819 1196 tua
841 1131 958 1196 iustior
981 1135 1081 1214 aetas,
1188 1147 1224 1196 95

202 1219 300 1285 Ultra
322 1243 374 1284 me
397 1220 600 1304 improperae
624 1220 744 1284 ducant
767 1219 819 1284 cui
841 1220 897 1284 fila
921 1218 1069 1285 sorores?

248 1307 303 1373 sie
324 1309 388 1374 ille.
413 1313 447 1373 at
470 1312 583 1374 contra
606 1305 755 1372 Cirrhaei
778 1307 912 1394 sanguis
936 1307 1048 1373 Imilce

204 1395 351 1482 Castalii,
374 1397 426 1461 cui
450 1401 596 1462 materno
621 1396 812 1461 denomino
836 1396 923 1462 dicta

204 1484 338 1550 Castulo
363 1483 506 1550 Phoebei
530 1490 638 1549 seruat
661 1487 856 1569 cognomina
878 1485 975 1566 uatis,

201 1573 310 1657 Atque
334 1595 373 1636 ex
396 1577 524 1638 sacrata
546 1574 715 1657 repetebat
738 1573 840 1656 stirpe
863 1576 1026 1656 parentes,
1166 1589 1220 1638 100

202 1661 362 1744 Tempore
386 1682 450 1744 quo
475 1659 621 1726 Bacchus
643 1661 783 1745 populos
807 1660 989 1724 domitabat
1011 1659 1164 1745 Hiberos,

204 1746 400 1814 Concutiens
423 1749 537 1833 thyrso
561 1753 658 1832 atque
682 1752 810 1813 armata
832 1747 989 1813 Maenade
1014 1746 1147 1833 Calpen,

202 1837 339 1902 Lasciuo
363 1837 494 1921 genitus
518 1835 637 1920 Satyro
661 1836 866 1921 nymphaque
890 1835 1025 1921 Myrice,

203 1925 358 1990 Milichus
381 1925 542 2010 indigenis
566 1925 634 1990 late
656 1926 818 2010 regnabat
840 1925 875 1990 in
898 1925 974 2009 oris,

206 2011 421 2099 Cornigeram
445 2014 600 2078 attollens
624 2013 781 2098 genitoris
805 2014 949 2099 imagine
972 2013 1124 2079 frontem.
1169 2030 1221 2080 105

204 2100 291 2166 Hinc
315 2103 455 2185 patriam
479 2102 668 2185 clarumque
691 2123 793 2186 genus
816 2103 979 2166 referebat
1001 2101 1123 2186 Imilce,

203 2189 381 2256 Barbarica
403 2190 538 2273 paulurn
561 2189 679 2254 uitiato
702 2191 832 2255 nomine
856 2190 977 2274 lingua.

206 2277 294 2353 Quae
316 2282 394 2343 tnnc
418 2278 464 2343 sic
486 2279 629 2343 lacrimis
653 2279 774 2342 sensim
797 2278 1006 2343 manantibus
1028 2278 1118 2342 infit:

204 2365 326 2449 ‘Mene,
348 2366 448 2431 oblite
471 2370 528 2431 tua
549 2369 697 2432 nostram
720 2366 858 2450 pendere
882 2366 997 2446 salute,

203 2455 331 2519 Abnuis
355 2455 493 2540 inceptis
516 2455 690 2520 comitem?
715 2455 762 2520 sic
784 2454 915 2520 foedera
937 2459 1016 2520 nota
1093 2513 1096 2519 .
1167 2472 1222 2522 110

203 2543 533 2628 Primitiaequetori,
556 2543 681 2627 gelidos
704 2547 742 2606 ut
764 2543 917 2608 scandere
939 2547 1048 2608 tecum

204 2631 362 2697 Deficiam
385 2632 505 2697 montis
530 2632 646 2697 coniux
668 2631 748 2696 tua?
772 2631 864 2696 crede
887 2631 995 2716 uigori

204 2720 372 2804 Femine03
396 2724 521 2786 castum
545 2721 631 2784 haud
655 2723 787 2801 superat
810 2720 905 2784 labor
927 2721 1013 2784 ullus
1037 2740 1193 2784 amorem.

205 2807 264 2871 Sin
287 2809 358 2874 solo
378 2809 551 2892 aspicimur
574 2830 661 2892 sexu,
684 2808 848 2892 fixumque
870 2807 1019 2892 relinqui,

206 2895 292 2961 Cedo
317 2896 465 2980 equidem
487 2919 547 2962 nec
570 2897 639 2961 fata
660 2918 785 2980 moror3
810 2896 888 2960 deus
912 2899 1043 2979 annuat,
1067 2917 1140 2960 oro:
1166 2911 1222 2962 115

278 3040 309 3088 01
330 3036 370 3089 aie
391 3036 556 3104 interponat
579 3052 640 3091 cam
657 3034 783 3090 Beatus
805 3050 869 3102 nos,
888 3031 1008 3088 Alcidae
1031 3051 1067 3086 m.
1088 3033 1224 3104 11110090
1301 3077 1302 3102 ,

206 3110 240 3158 97
259 3105 322 3158 att
346 3120 379 3158 ac
392 3109 458 3157 rov
478 3137 511 3145 —
529 3105 639 3176 Imilce]
662 3104 753 3160 inulte
767 3110 831 3158 Lov
855 3104 884 3158 iu
908 3103 986 3158 ultae
1005 3119 1075 3158 corr.
1095 3121 1130 3158 m.
1150 3107 1170 3159 2
1189 3107 1225 3159 in

205 3173 236 3229 in
255 3176 368 3228 ulcaer
392 3175 513 3230 Himilcs
532 3177 726 3232 Scblicbteisca
863 3181 897 3230 99
917 3174 991 3229 natis
1005 3178 1048 3226 ov
1066 3175 1141 3230 ande
1158 3177 1225 3230 nati

206 3245 326 3314 Ruperti
344 3251 369 3300 et
387 3246 477 3314 Thilo,
496 3248 542 3301 sed
560 3249 596 3314 ef.
615 3248 805 3303 Schlicttciserr
819 3250 901 3316 p.17
1024 3251 1074 3300 100
1092 3245 1129 3298 Et
1148 3261 1224 3314 quae

206 3333 263 3371 van
278 3317 456 3384 Veramdcf.
471 3319 497 3374 I.
512 3323 570 3373 290
635 3324 684 3371 101
695 3317 834 3388 Bacchus]
845 3317 991 3371 baceluss
1054 3322 1225 3385 10410318,-

207 3389 257 3442 bat
273 3404 330 3442 oarr
352 3387 422 3442 Vera
436 3392 595 3456 regnarats
656 3394 707 3442 100
725 3389 869 3444 inultam
888 3387 1040 3441 inulcerv
1109 3392 1160 3441 100
1179 3404 1225 3441 sa-

206 3458 266 3512 lute
281 3463 318 3584 cp
337 3458 456 3584 salugem
469 3463 492 3510 V
510 3461 582 3528 quod
596 3461 675 3529 prob.
691 3460 778 3515 Bothe
857 3465 908 3514 110
926 3458 1008 3529 nota]
1027 3458 1108 3513 nobis
1129 3457 1225 3530 Otos-y

208 3533 258 3582 111
279 3548 297 3583 u
325 3546 392 3585 soan
413 3545 459 3585 ere
478 3535 514 3582 ch
