<?xml version="1.0" encoding="UTF-8"?>
<!DOCTYPE html PUBLIC "-//W3C//DTD XHTML 1.0 Transitional//EN"
    "http://www.w3.org/TR/xhtml1/DTD/xhtml1-transitional.dtd">
<html xmlns="http://www.w3.org/1999/xhtml" xml:lang="en" lang="en">
 <head>
  <title>
</title>
<meta http-equiv="Content-Type" content="text/html;charset=utf-8" />
  <meta name='ocr-system' content='tesseract 3.04.00' />
  <meta name='ocr-capabilities' content='ocr_page ocr_carea ocr_par ocr_line ocrx_word'/>
</head>
<body>
  <div class='ocr_page' id='page_1' title='image "./siliitalicipuni01italgoog_0185.png"; bbox 0 0 2632 4014; ppageno 0'>
   <div class='ocr_carea' id='block_1_1' title="bbox 187 171 798 266">
    <p class='ocr_par' dir='ltr' id='par_1_1' title="bbox 187 171 798 266">
     <span class='ocr_line' id='line_1_1' title="bbox 187 171 798 266; baseline -0.003 -10"><span class='ocrx_word' id='word_1_1' title='bbox 187 201 250 266; x_wconf 83' lang='lat'><strong>166</strong></span> <span class='ocrx_word' id='word_1_2' title='bbox 387 171 389 176; x_wconf 77' lang='grc'><strong>’</strong></span> <span class='ocrx_word' id='word_1_3' title='bbox 581 198 648 255; x_wconf 85' lang='lat' dir='ltr'><strong>sur</strong></span> <span class='ocrx_word' id='word_1_4' title='bbox 666 200 798 255; x_wconf 77' lang='lat' dir='ltr'><strong>rrsncr</strong></span> 
     </span>
    </p>
   </div>
   <div class='ocr_carea' id='block_1_2' title="bbox 182 361 1200 1773">
    <p class='ocr_par' dir='ltr' id='par_1_2' title="bbox 183 361 1200 714">
     <span class='ocr_line' id='line_1_2' title="bbox 186 361 1095 448; baseline -0.002 -19"><span class='ocrx_word' id='word_1_5' title='bbox 186 363 269 429; x_wconf 84' lang='lat' dir='ltr'><strong>Sunt</strong></span> <span class='ocrx_word' id='word_1_6' title='bbox 293 362 451 428; x_wconf 87' lang='lat' dir='ltr'><strong>abolenda</strong></span> <span class='ocrx_word' id='word_1_7' title='bbox 474 361 543 426; x_wconf 87' lang='lat' dir='ltr'><strong>tibi.</strong></span> <span class='ocrx_word' id='word_1_8' title='bbox 565 363 714 445; x_wconf 76' lang='lat' dir='ltr'><strong>patiarne</strong></span> <span class='ocrx_word' id='word_1_9' title='bbox 738 367 813 427; x_wconf 86' lang='lat' dir='ltr'><strong>ante</strong></span> <span class='ocrx_word' id='word_1_10' title='bbox 836 385 894 427; x_wconf 88' lang='lat' dir='ltr'><strong>ora</strong></span> <span class='ocrx_word' id='word_1_11' title='bbox 916 385 1095 448; x_wconf 87' lang='lat' dir='ltr'><strong>manusque</strong></span> 
     </span>
     <span class='ocr_line' id='line_1_3' title="bbox 186 450 1200 534; baseline 0 -17"><span class='ocrx_word' id='word_1_12' title='bbox 186 452 298 518; x_wconf 87' lang='lat' dir='ltr'><strong>Oiuem</strong></span> <span class='ocrx_word' id='word_1_13' title='bbox 322 451 422 516; x_wconf 86' lang='lat' dir='ltr'><strong>deleri</strong></span> <span class='ocrx_word' id='word_1_14' title='bbox 444 450 599 515; x_wconf 79' lang='lat' dir='ltr'><strong>nostras?</strong></span> <span class='ocrx_word' id='word_1_15' title='bbox 624 453 681 515; x_wconf 92' lang='lat' dir='ltr'><strong>aut</strong></span> <span class='ocrx_word' id='word_1_16' title='bbox 704 451 832 516; x_wconf 87' lang='lat' dir='ltr'><strong>uincere</strong></span> <span class='ocrx_word' id='word_1_17' title='bbox 855 451 1012 534; x_wconf 83' lang='lat' dir='ltr'><strong>Poenum,</strong></span> <span class='ocrx_word' id='word_1_18' title='bbox 1147 467 1200 517; x_wconf 90' lang='grc'><strong>550</strong></span> 
     </span>
     <span class='ocr_line' id='line_1_4' title="bbox 183 539 1073 626; baseline -0.001 -21"><span class='ocrx_word' id='word_1_19' title='bbox 183 541 237 605; x_wconf 89' lang='grc' dir='ltr'><strong>Μ5</strong></span> <span class='ocrx_word' id='word_1_20' title='bbox 261 544 436 626; x_wconf 70' lang='lat' dir='ltr'>spectante,</span> <span class='ocrx_word' id='word_1_21' title='bbox 460 539 673 604; x_wconf 72' lang='grc'>5155551505</span> <span class='ocrx_word' id='word_1_22' title='bbox 700 540 890 624; x_wconf 81' lang='lat' dir='ltr'><strong>aequauisse</strong></span> <span class='ocrx_word' id='word_1_23' title='bbox 915 539 1073 604; x_wconf 85' lang='lat' dir='ltr'><strong>minorem</strong></span> 
     </span>
     <span class='ocr_line' id='line_1_5' title="bbox 185 627 984 714; baseline -0.003 -20"><span class='ocrx_word' id='word_1_24' title='bbox 185 627 360 714; x_wconf 62' lang='lat' dir='ltr'><strong>Solucntur</strong></span> <span class='ocrx_word' id='word_1_25' title='bbox 378 629 483 712; x_wconf 84' lang='lat' dir='ltr'><strong>culpa,</strong></span> <span class='ocrx_word' id='word_1_26' title='bbox 508 627 547 691; x_wconf 82' lang='lat' dir='ltr'><strong>si·</strong></span> <span class='ocrx_word' id='word_1_27' title='bbox 559 632 634 691; x_wconf 85' lang='grc'>5551</span> <span class='ocrx_word' id='word_1_28' title='bbox 657 627 738 692; x_wconf 90' lang='lat' dir='ltr'><strong>mihi</strong></span> <span class='ocrx_word' id='word_1_29' title='bbox 761 628 840 692; x_wconf 88' lang='lat' dir='ltr'><strong>talia</strong></span> <span class='ocrx_word' id='word_1_30' title='bbox 864 627 984 692; x_wconf 79' lang='lat' dir='ltr'><strong>corda?</strong></span> 
     </span>
    </p>

    <p class='ocr_par' dir='ltr' id='par_1_3' title="bbox 182 715 1199 1068">
     <span class='ocr_line' id='line_1_6' title="bbox 183 715 1095 802; baseline -0.002 -20"><span class='ocrx_word' id='word_1_31' title='bbox 183 718 318 802; x_wconf 88' lang='lat' dir='ltr'><strong>lamque</strong></span> <span class='ocrx_word' id='word_1_32' title='bbox 341 717 412 800; x_wconf 88' lang='lat' dir='ltr'><strong>hoc,</strong></span> <span class='ocrx_word' id='word_1_33' title='bbox 434 738 475 779; x_wconf 92' lang='grc'><strong>55</strong></span> <span class='ocrx_word' id='word_1_34' title='bbox 499 715 636 797; x_wconf 87' lang='lat' dir='ltr'><strong>dubites,</strong></span> <span class='ocrx_word' id='word_1_35' title='bbox 658 717 819 802; x_wconf 83' lang='lat' dir='ltr'><strong>longaeui,</strong></span> <span class='ocrx_word' id='word_1_36' title='bbox 842 721 927 799; x_wconf 87' lang='lat' dir='ltr'><strong>nate,</strong></span> <span class='ocrx_word' id='word_1_37' title='bbox 950 718 1095 799; x_wconf 88' lang='lat' dir='ltr'><strong>parentis</strong></span> 
     </span>
     <span class='ocr_line' id='line_1_7' title="bbox 182 805 1119 890; baseline -0.002 -20"><span class='ocrx_word' id='word_1_38' title='bbox 182 805 303 890; x_wconf 80' lang='lat' dir='ltr'><strong>Accipe</strong></span> <span class='ocrx_word' id='word_1_39' title='bbox 327 809 360 870; x_wconf 95' lang='lat' dir='ltr'><strong>et</strong></span> <span class='ocrx_word' id='word_1_40' title='bbox 384 807 516 869; x_wconf 89' lang='lat' dir='ltr'><strong>aeterno</strong></span> <span class='ocrx_word' id='word_1_41' title='bbox 541 805 639 868; x_wconf 88' lang='lat' dir='ltr'><strong>fixum</strong></span> <span class='ocrx_word' id='word_1_42' title='bbox 664 805 723 869; x_wconf 92' lang='lat' dir='ltr'><strong>sub</strong></span> <span class='ocrx_word' id='word_1_43' title='bbox 747 809 879 888; x_wconf 89' lang='lat' dir='ltr'><strong>pectore</strong></span> <span class='ocrx_word' id='word_1_44' title='bbox 903 826 1011 869; x_wconf 86' lang='lat' dir='ltr'><strong>serua:</strong></span> <span class='ocrx_word' id='word_1_45' title='bbox 1067 849 1070 856; x_wconf 85' lang='lat'>-</span> <span class='ocrx_word' id='word_1_46' title='bbox 1112 865 1119 876; x_wconf 87' lang='grc'>,</span> 
     </span>
     <span class='ocr_line' id='line_1_8' title="bbox 186 892 1199 976; baseline -0.001 -16"><span class='ocrx_word' id='word_1_47' title='bbox 186 893 379 960; x_wconf 83' lang='lat' dir='ltr'><strong>Succensere</strong></span> <span class='ocrx_word' id='word_1_48' title='bbox 401 892 494 957; x_wconf 86' lang='lat' dir='ltr'><strong>nefas</strong></span> <span class='ocrx_word' id='word_1_49' title='bbox 517 894 657 976; x_wconf 80' lang='lat' dir='ltr'><strong>patriae3</strong></span> <span class='ocrx_word' id='word_1_50' title='bbox 681 915 739 956; x_wconf 89' lang='lat' dir='ltr'><strong>nec</strong></span> <span class='ocrx_word' id='word_1_51' title='bbox 762 893 888 958; x_wconf 82' lang='lat' dir='ltr'><strong>foedior</strong></span> <span class='ocrx_word' id='word_1_52' title='bbox 911 893 980 957; x_wconf 91' lang='lat' dir='ltr'><strong>ulla</strong></span> <span class='ocrx_word' id='word_1_53' title='bbox 1148 909 1199 959; x_wconf 90' lang='grc'><strong>555</strong></span> 
     </span>
     <span class='ocr_line' id='line_1_9' title="bbox 185 980 1066 1068; baseline -0.001 -21"><span class='ocrx_word' id='word_1_54' title='bbox 185 981 288 1068; x_wconf 85' lang='lat' dir='ltr'><strong>Culpa</strong></span> <span class='ocrx_word' id='word_1_55' title='bbox 311 982 371 1047; x_wconf 91' lang='lat' dir='ltr'><strong>sub</strong></span> <span class='ocrx_word' id='word_1_56' title='bbox 397 985 557 1046; x_wconf 81' lang='lat' dir='ltr'><strong>extremas</strong></span> <span class='ocrx_word' id='word_1_57' title='bbox 581 980 685 1044; x_wconf 83' lang='lat' dir='ltr'><strong>fertur</strong></span> <span class='ocrx_word' id='word_1_58' title='bbox 708 982 901 1046; x_wconf 84' lang='lat' dir='ltr'><strong>mortalibus</strong></span> <span class='ocrx_word' id='word_1_59' title='bbox 925 981 1066 1046; x_wconf 88' lang='lat' dir='ltr'><strong>umbras.</strong></span> 
     </span>
    </p>

    <p class='ocr_par' dir='ltr' id='par_1_4' title="bbox 183 1069 999 1154">
     <span class='ocr_line' id='line_1_10' title="bbox 183 1069 999 1154; baseline -0.002 -19"><span class='ocrx_word' id='word_1_60' title='bbox 183 1070 237 1135; x_wconf 81' lang='lat' dir='ltr'><strong>Sic</strong></span> <span class='ocrx_word' id='word_1_61' title='bbox 260 1071 395 1136; x_wconf 88' lang='lat' dir='ltr'><strong>docuere</strong></span> <span class='ocrx_word' id='word_1_62' title='bbox 419 1091 520 1135; x_wconf 89' lang='lat' dir='ltr'><strong>senes.</strong></span> <span class='ocrx_word' id='word_1_63' title='bbox 544 1073 684 1152; x_wconf 90' lang='lat' dir='ltr'><strong>quantus</strong></span> <span class='ocrx_word' id='word_1_64' title='bbox 709 1069 876 1154; x_wconf 87' lang='lat' dir='ltr'><strong>qualisque</strong></span> <span class='ocrx_word' id='word_1_65' title='bbox 899 1070 999 1150; x_wconf 83' lang='lat' dir='ltr'><strong>fuisti,</strong></span> 
     </span>
    </p>

    <p class='ocr_par' dir='ltr' id='par_1_5' title="bbox 183 1157 1017 1242">
     <span class='ocr_line' id='line_1_11' title="bbox 183 1157 1017 1242; baseline -0.004 -17"><span class='ocrx_word' id='word_1_66' title='bbox 183 1157 265 1225; x_wconf 78' lang='lat' dir='ltr'><strong>Cum</strong></span> <span class='ocrx_word' id='word_1_67' title='bbox 289 1159 402 1242; x_wconf 89' lang='lat' dir='ltr'><strong>pulsus</strong></span> <span class='ocrx_word' id='word_1_68' title='bbox 426 1159 495 1222; x_wconf 88' lang='lat' dir='ltr'><strong>lare</strong></span> <span class='ocrx_word' id='word_1_69' title='bbox 517 1161 550 1221; x_wconf 88' lang='lat' dir='ltr'><strong>et</strong></span> <span class='ocrx_word' id='word_1_70' title='bbox 573 1159 711 1222; x_wconf 85' lang='lat' dir='ltr'><strong>extorris</strong></span> <span class='ocrx_word' id='word_1_71' title='bbox 735 1157 899 1242; x_wconf 78' lang='lat' dir='ltr'><strong>Capitolia</strong></span> <span class='ocrx_word' id='word_1_72' title='bbox 922 1181 1017 1223; x_wconf 90' lang='lat' dir='ltr'><strong>curru</strong></span> 
     </span>
    </p>

    <p class='ocr_par' dir='ltr' id='par_1_6' title="bbox 182 1245 976 1329">
     <span class='ocr_line' id='line_1_12' title="bbox 182 1245 976 1329; baseline -0.004 -17"><span class='ocrx_word' id='word_1_73' title='bbox 182 1247 326 1312; x_wconf 87' lang='lat' dir='ltr'><strong>Intrares</strong></span> <span class='ocrx_word' id='word_1_74' title='bbox 351 1247 438 1312; x_wconf 83' lang='lat' dir='ltr'><strong>exul!</strong></span> <span class='ocrx_word' id='word_1_75' title='bbox 462 1246 525 1310; x_wconf 87' lang='lat' dir='ltr'><strong>tibi</strong></span> <span class='ocrx_word' id='word_1_76' title='bbox 548 1267 684 1329; x_wconf 90' lang='lat' dir='ltr'><strong>corpora</strong></span> <span class='ocrx_word' id='word_1_77' title='bbox 707 1268 808 1324; x_wconf 84' lang='lat' dir='ltr'><strong>caesa,</strong></span> <span class='ocrx_word' id='word_1_78' title='bbox 832 1245 976 1329; x_wconf 65' lang='lat' dir='ltr'><strong>Camilla</strong></span> 
     </span>
    </p>

    <p class='ocr_par' dir='ltr' id='par_1_7' title="bbox 182 1334 1199 1597">
     <span class='ocr_line' id='line_1_13' title="bbox 184 1334 1199 1420; baseline 0.001 -20"><span class='ocrx_word' id='word_1_79' title='bbox 184 1336 349 1400; x_wconf 81' lang='lat' dir='ltr'><strong>Damnata</strong></span> <span class='ocrx_word' id='word_1_80' title='bbox 373 1338 453 1420; x_wconf 87' lang='lat' dir='ltr'><strong>quot</strong></span> <span class='ocrx_word' id='word_1_81' title='bbox 477 1338 552 1398; x_wconf 89' lang='lat' dir='ltr'><strong>sunt</strong></span> <span class='ocrx_word' id='word_1_82' title='bbox 576 1335 701 1398; x_wconf 86' lang='lat' dir='ltr'><strong>dextra!</strong></span> <span class='ocrx_word' id='word_1_83' title='bbox 724 1339 841 1419; x_wconf 85' lang='lat' dir='ltr'><strong>pacata</strong></span> <span class='ocrx_word' id='word_1_84' title='bbox 861 1334 1002 1399; x_wconf 51' lang='lat' dir='ltr'><strong>¹fuissent</strong></span> <span class='ocrx_word' id='word_1_85' title='bbox 1147 1351 1199 1401; x_wconf 87' lang='grc'><strong>500</strong></span> 
     </span>
     <span class='ocr_line' id='line_1_14' title="bbox 184 1423 1056 1507; baseline -0.001 -19"><span class='ocrx_word' id='word_1_86' title='bbox 184 1424 229 1488; x_wconf 91' lang='lat' dir='ltr'><strong>Ni</strong></span> <span class='ocrx_word' id='word_1_87' title='bbox 252 1425 402 1489; x_wconf 87' lang='lat' dir='ltr'><strong>consulta</strong></span> <span class='ocrx_word' id='word_1_88' title='bbox 425 1423 496 1488; x_wconf 91' lang='lat' dir='ltr'><strong>uiro</strong></span> <span class='ocrx_word' id='word_1_89' title='bbox 520 1445 675 1507; x_wconf 90' lang='lat' dir='ltr'><strong>meusque</strong></span> <span class='ocrx_word' id='word_1_90' title='bbox 699 1423 957 1506; x_wconf 84' lang='lat' dir='ltr'><strong>impenetrabilis</strong></span> <span class='ocrx_word' id='word_1_91' title='bbox 980 1423 1056 1505; x_wconf 89' lang='lat' dir='ltr'><strong>irae,</strong></span> 
     </span>
     <span class='ocr_line' id='line_1_15' title="bbox 182 1511 998 1597; baseline -0.005 -19"><span class='ocrx_word' id='word_1_92' title='bbox 182 1513 429 1596; x_wconf 89' lang='lat' dir='ltr'><strong>Mutassentque</strong></span> <span class='ocrx_word' id='word_1_93' title='bbox 453 1513 559 1576; x_wconf 92' lang='lat' dir='ltr'><strong>solum</strong></span> <span class='ocrx_word' id='word_1_94' title='bbox 583 1511 717 1593; x_wconf 77' lang='lat' dir='ltr'><strong>sceptris</strong></span> <span class='ocrx_word' id='word_1_95' title='bbox 743 1511 865 1576; x_wconf 85' lang='lat' dir='ltr'><strong>Aeneia</strong></span> <span class='ocrx_word' id='word_1_96' title='bbox 889 1533 998 1597; x_wconf 83' lang='lat' dir='ltr'><strong>regna,</strong></span> 
     </span>
    </p>

    <p class='ocr_par' dir='ltr' id='par_1_8' title="bbox 183 1599 1062 1684">
     <span class='ocr_line' id='line_1_16' title="bbox 183 1599 1062 1684; baseline -0.001 -18"><span class='ocrx_word' id='word_1_97' title='bbox 183 1601 348 1684; x_wconf 88' lang='lat' dir='ltr'><strong>Nullaque</strong></span> <span class='ocrx_word' id='word_1_98' title='bbox 371 1621 457 1664; x_wconf 91' lang='lat' dir='ltr'><strong>nunc</strong></span> <span class='ocrx_word' id='word_1_99' title='bbox 481 1603 584 1663; x_wconf 90' lang='lat' dir='ltr'><strong>stares</strong></span> <span class='ocrx_word' id='word_1_100' title='bbox 608 1603 767 1662; x_wconf 86' lang='lat' dir='ltr'><strong>terrarum</strong></span> <span class='ocrx_word' id='word_1_101' title='bbox 792 1599 924 1680; x_wconf 86' lang='lat' dir='ltr'><strong>uertice,</strong></span> <span class='ocrx_word' id='word_1_102' title='bbox 947 1599 1062 1665; x_wconf 86' lang='lat' dir='ltr'><strong>Roma.</strong></span> 
     </span>
    </p>

    <p class='ocr_par' dir='ltr' id='par_1_9' title="bbox 182 1687 1036 1773">
     <span class='ocr_line' id='line_1_17' title="bbox 182 1687 1036 1773; baseline -0.002 -19"><span class='ocrx_word' id='word_1_103' title='bbox 182 1689 271 1754; x_wconf 90' lang='lat' dir='ltr'><strong>Pone</strong></span> <span class='ocrx_word' id='word_1_104' title='bbox 295 1690 369 1773; x_wconf 87' lang='lat' dir='ltr'><strong>iras,</strong></span> <span class='ocrx_word' id='word_1_105' title='bbox 393 1710 412 1751; x_wconf 94' lang='lat' dir='ltr'><strong>o</strong></span> <span class='ocrx_word' id='word_1_106' title='bbox 436 1690 522 1771; x_wconf 86' lang='lat' dir='ltr'><strong>nate,</strong></span> <span class='ocrx_word' id='word_1_107' title='bbox 546 1709 644 1750; x_wconf 88' lang='lat' dir='ltr'><strong>meas.</strong></span> <span class='ocrx_word' id='word_1_108' title='bbox 669 1687 758 1752; x_wconf 88' lang='lat' dir='ltr'><strong>socia</strong></span> <span class='ocrx_word' id='word_1_109' title='bbox 781 1709 872 1752; x_wconf 90' lang='lat' dir='ltr'><strong>arma</strong></span> <span class='ocrx_word' id='word_1_110' title='bbox 893 1687 1036 1752; x_wconf 88' lang='lat' dir='ltr'><strong>feramus</strong></span> 
     </span>
    </p>
   </div>
   <div class='ocr_carea' id='block_1_3' title="bbox 181 1773 1304 1860">
    <p class='ocr_par' dir='ltr' id='par_1_10' title="bbox 181 1773 1304 1860">
     <span class='ocr_line' id='line_1_18' title="bbox 181 1773 1304 1860; baseline -0.001 -17"><span class='ocrx_word' id='word_1_111' title='bbox 181 1778 228 1843; x_wconf 78' lang='lat' dir='ltr'><strong>Et</strong></span> <span class='ocrx_word' id='word_1_112' title='bbox 252 1779 426 1842; x_wconf 87' lang='lat' dir='ltr'><strong>celeremus</strong></span> <span class='ocrx_word' id='word_1_113' title='bbox 446 1773 561 1860; x_wconf 91' lang='lat' dir='ltr'><strong>opem.&#39;</strong></span> <span class='ocrx_word' id='word_1_114' title='bbox 598 1773 732 1858; x_wconf 83' lang='lat' dir='ltr'><strong>Iamque</strong></span> <span class='ocrx_word' id='word_1_115' title='bbox 751 1776 940 1840; x_wconf 84' lang='lat' dir='ltr'><strong>intermixta</strong></span> <span class='ocrx_word' id='word_1_116' title='bbox 964 1777 1128 1841; x_wconf 86' lang='lat' dir='ltr'><strong>sonabant</strong></span> <span class='ocrx_word' id='word_1_117' title='bbox 1146 1792 1200 1842; x_wconf 89' lang='grc'><strong>505</strong></span> <span class='ocrx_word' id='word_1_118' title='bbox 1303 1785 1304 1796; x_wconf 74' lang='grc'>’</span> 
     </span>
    </p>
   </div>
   <div class='ocr_carea' id='block_1_4' title="bbox 112 1863 1200 3184">
    <p class='ocr_par' dir='ltr' id='par_1_11' title="bbox 152 1863 1005 1950">
     <span class='ocr_line' id='line_1_19' title="bbox 152 1863 1005 1950; baseline -0.004 -19"><span class='ocrx_word' id='word_1_119' title='bbox 152 1933 158 1942; x_wconf 82' lang='grc'>,</span> <span class='ocrx_word' id='word_1_120' title='bbox 184 1866 338 1950; x_wconf 81' lang='lat' dir='ltr'><strong>Classica,</strong></span> <span class='ocrx_word' id='word_1_121' title='bbox 361 1885 599 1950; x_wconf 86' lang='lat' dir='ltr'><strong>procursusque</strong></span> <span class='ocrx_word' id='word_1_122' title='bbox 622 1863 710 1928; x_wconf 89' lang='lat' dir='ltr'><strong>uiros</strong></span> <span class='ocrx_word' id='word_1_123' title='bbox 734 1864 901 1928; x_wconf 87' lang='lat' dir='ltr'><strong>colliserat</strong></span> <span class='ocrx_word' id='word_1_124' title='bbox 924 1886 1005 1928; x_wconf 88' lang='lat' dir='ltr'><strong>acer.</strong></span> 
     </span>
    </p>

    <p class='ocr_par' dir='ltr' id='par_1_12' title="bbox 112 1952 1200 3096">
     <span class='ocr_line' id='line_1_20' title="bbox 230 1952 1112 2034; baseline -0.002 -16"><span class='ocrx_word' id='word_1_125' title='bbox 230 1953 360 2018; x_wconf 88' lang='lat' dir='ltr'><strong>Primus</strong></span> <span class='ocrx_word' id='word_1_126' title='bbox 384 1953 528 2017; x_wconf 86' lang='lat' dir='ltr'><strong>claustra</strong></span> <span class='ocrx_word' id='word_1_127' title='bbox 550 1973 650 2015; x_wconf 85' lang='lat' dir='ltr'><strong>manu</strong></span> <span class='ocrx_word' id='word_1_128' title='bbox 672 1956 785 2034; x_wconf 88' lang='lat' dir='ltr'><strong>portae</strong></span> <span class='ocrx_word' id='word_1_129' title='bbox 810 1952 948 2018; x_wconf 84' lang='lat' dir='ltr'><strong>dictator</strong></span> <span class='ocrx_word' id='word_1_130' title='bbox 972 1957 1004 2017; x_wconf 83' lang='lat' dir='ltr'><strong>et</strong></span> <span class='ocrx_word' id='word_1_131' title='bbox 1027 1954 1112 2018; x_wconf 88' lang='lat' dir='ltr'><strong>altos</strong></span> 
     </span>
     <span class='ocr_line' id='line_1_21' title="bbox 182 2040 991 2125; baseline -0.004 -17"><span class='ocrx_word' id='word_1_132' title='bbox 182 2042 321 2108; x_wconf 89' lang='lat' dir='ltr'><strong>Disiecit</strong></span> <span class='ocrx_word' id='word_1_133' title='bbox 344 2040 449 2125; x_wconf 90' lang='lat' dir='ltr'><strong>postis</strong></span> <span class='ocrx_word' id='word_1_134' title='bbox 473 2040 625 2124; x_wconf 90' lang='lat' dir='ltr'><strong>rupitque</strong></span> <span class='ocrx_word' id='word_1_135' title='bbox 648 2040 682 2104; x_wconf 91' lang='lat' dir='ltr'><strong>in</strong></span> <span class='ocrx_word' id='word_1_136' title='bbox 705 2040 830 2123; x_wconf 89' lang='lat' dir='ltr'><strong>proelia</strong></span> <span class='ocrx_word' id='word_1_137' title='bbox 854 2063 991 2108; x_wconf 89' lang='lat' dir='ltr'><strong>cursum.</strong></span> 
     </span>
     <span class='ocr_line' id='line_1_22' title="bbox 183 2128 1014 2216; baseline 0 -22"><span class='ocrx_word' id='word_1_138' title='bbox 183 2129 262 2196; x_wconf 88' lang='lat' dir='ltr'><strong>Non</strong></span> <span class='ocrx_word' id='word_1_139' title='bbox 285 2129 434 2216; x_wconf 85' lang='lat' dir='ltr'><strong>grauiore</strong></span> <span class='ocrx_word' id='word_1_140' title='bbox 457 2133 590 2193; x_wconf 88' lang='lat' dir='ltr'><strong>mouent</strong></span> <span class='ocrx_word' id='word_1_141' title='bbox 612 2128 703 2192; x_wconf 84' lang='lat' dir='ltr'><strong>uenti</strong></span> <span class='ocrx_word' id='word_1_142' title='bbox 726 2129 905 2194; x_wconf 85' lang='lat' dir='ltr'><strong>certamina</strong></span> <span class='ocrx_word' id='word_1_143' title='bbox 929 2130 1014 2194; x_wconf 93' lang='lat' dir='ltr'><strong>mole</strong></span> 
     </span>
     <span class='ocr_line' id='line_1_23' title="bbox 184 2215 1199 2304; baseline -0.002 -20"><span class='ocrx_word' id='word_1_144' title='bbox 184 2219 341 2304; x_wconf 83' lang='lat' dir='ltr'><strong>Odrysius</strong></span> <span class='ocrx_word' id='word_1_145' title='bbox 364 2216 487 2282; x_wconf 87' lang='lat' dir='ltr'><strong>Boreas</strong></span> <span class='ocrx_word' id='word_1_146' title='bbox 512 2221 545 2281; x_wconf 91' lang='lat' dir='ltr'><strong>et</strong></span> <span class='ocrx_word' id='word_1_147' title='bbox 568 2215 690 2301; x_wconf 81' lang='lat' dir='ltr'><strong>Syrtim</strong></span> <span class='ocrx_word' id='word_1_148' title='bbox 713 2218 830 2282; x_wconf 86' lang='grc'>1511555</span> <span class='ocrx_word' id='word_1_149' title='bbox 853 2218 977 2300; x_wconf 89' lang='lat' dir='ltr'><strong>pollens</strong></span> <span class='ocrx_word' id='word_1_150' title='bbox 1145 2233 1199 2282; x_wconf 81' lang='grc'><strong>570</strong></span> 
     </span>
     <span class='ocr_line' id='line_1_24' title="bbox 181 2304 1022 2391; baseline -0.002 -19"><span class='ocrx_word' id='word_1_151' title='bbox 181 2307 325 2372; x_wconf 83' lang='lat' dir='ltr'><strong>Africus:</strong></span> <span class='ocrx_word' id='word_1_152' title='bbox 351 2305 463 2371; x_wconf 86' lang='lat' dir='ltr'><strong>obnixi</strong></span> <span class='ocrx_word' id='word_1_153' title='bbox 487 2327 560 2372; x_wconf 87' lang='lat' dir='ltr'><strong>eum</strong></span> <span class='ocrx_word' id='word_1_154' title='bbox 583 2305 671 2369; x_wconf 91' lang='lat' dir='ltr'><strong>bella</strong></span> <span class='ocrx_word' id='word_1_155' title='bbox 693 2304 836 2370; x_wconf 87' lang='lat' dir='ltr'><strong>furentia</strong></span> <span class='ocrx_word' id='word_1_156' title='bbox 858 2309 1022 2391; x_wconf 85' lang='lat' dir='ltr'><strong>torquent,</strong></span> 
     </span>
     <span class='ocr_line' id='line_1_25' title="bbox 182 2393 1073 2460; baseline -0.001 -1"><span class='ocrx_word' id='word_1_157' title='bbox 182 2396 369 2460; x_wconf 86' lang='lat' dir='ltr'><strong>Distraxere</strong></span> <span class='ocrx_word' id='word_1_158' title='bbox 394 2394 513 2459; x_wconf 84' lang='lat' dir='ltr'><strong>fretum</strong></span> <span class='ocrx_word' id='word_1_159' title='bbox 537 2415 574 2458; x_wconf 90' lang='grc'><strong>55</strong></span> <span class='ocrx_word' id='word_1_160' title='bbox 597 2393 726 2458; x_wconf 88' lang='lat' dir='ltr'><strong>diuersa</strong></span> <span class='ocrx_word' id='word_1_161' title='bbox 749 2393 789 2457; x_wconf 86' lang='lat' dir='ltr'><strong>ad</strong></span> <span class='ocrx_word' id='word_1_162' title='bbox 812 2394 910 2458; x_wconf 88' lang='lat' dir='ltr'><strong>litora</strong></span> <span class='ocrx_word' id='word_1_163' title='bbox 935 2395 1073 2458; x_wconf 90' lang='lat' dir='ltr'><strong>uoluunt</strong></span> 
     </span>
     <span class='ocr_line' id='line_1_26' title="bbox 112 2482 1118 2568; baseline -0.006 -16"><span class='ocrx_word' id='word_1_164' title='bbox 112 2486 114 2490; x_wconf 72' lang='grc'><strong>’</strong></span> <span class='ocrx_word' id='word_1_165' title='bbox 182 2484 315 2568; x_wconf 85' lang='lat' dir='ltr'><strong>Aequor</strong></span> <span class='ocrx_word' id='word_1_166' title='bbox 337 2483 472 2568; x_wconf 90' lang='lat' dir='ltr'><strong>quisque</strong></span> <span class='ocrx_word' id='word_1_167' title='bbox 495 2504 602 2565; x_wconf 81' lang='lat' dir='ltr'><strong>suum3</strong></span> <span class='ocrx_word' id='word_1_168' title='bbox 626 2482 770 2566; x_wconf 87' lang='lat' dir='ltr'><strong>sequitur</strong></span> <span class='ocrx_word' id='word_1_169' title='bbox 794 2482 952 2546; x_wconf 86' lang='lat' dir='ltr'><strong>stridente</strong></span> <span class='ocrx_word' id='word_1_170' title='bbox 976 2483 1118 2567; x_wconf 89' lang='lat' dir='ltr'><strong>procella</strong></span> 
     </span>
     <span class='ocr_line' id='line_1_27' title="bbox 182 2570 1196 2655; baseline -0.002 -17"><span class='ocrx_word' id='word_1_171' title='bbox 182 2573 277 2638; x_wconf 88' lang='lat' dir='ltr'><strong>Nunc</strong></span> <span class='ocrx_word' id='word_1_172' title='bbox 299 2572 371 2655; x_wconf 88' lang='lat' dir='ltr'><strong>huc,</strong></span> <span class='ocrx_word' id='word_1_173' title='bbox 394 2591 479 2636; x_wconf 87' lang='lat' dir='ltr'><strong>nunc</strong></span> <span class='ocrx_word' id='word_1_174' title='bbox 502 2570 588 2652; x_wconf 87' lang='lat' dir='ltr'><strong>illuc,</strong></span> <span class='ocrx_word' id='word_1_175' title='bbox 611 2575 742 2653; x_wconf 88' lang='lat' dir='ltr'><strong>raptum</strong></span> <span class='ocrx_word' id='word_1_176' title='bbox 766 2593 855 2634; x_wconf 90' lang='lat' dir='ltr'><strong>mare</strong></span> <span class='ocrx_word' id='word_1_177' title='bbox 879 2574 912 2634; x_wconf 89' lang='grc'><strong>51</strong></span> <span class='ocrx_word' id='word_1_178' title='bbox 938 2571 1068 2636; x_wconf 88' lang='lat' dir='ltr'><strong>intonat</strong></span> <span class='ocrx_word' id='word_1_179' title='bbox 1090 2571 1196 2636; x_wconf 76' lang='lat' dir='ltr'><strong>undio.</strong></span> 
     </span>
     <span class='ocr_line' id='line_1_28' title="bbox 181 2658 1200 2744; baseline -0.002 -18"><span class='ocrx_word' id='word_1_180' title='bbox 181 2660 278 2726; x_wconf 89' lang='lat' dir='ltr'><strong>Haud</strong></span> <span class='ocrx_word' id='word_1_181' title='bbox 301 2680 435 2744; x_wconf 88' lang='lat' dir='ltr'><strong>prorsus</strong></span> <span class='ocrx_word' id='word_1_182' title='bbox 460 2659 551 2722; x_wconf 88' lang='lat' dir='ltr'><strong>daret</strong></span> <span class='ocrx_word' id='word_1_183' title='bbox 569 2659 656 2724; x_wconf 91' lang='lat' dir='ltr'><strong>ullus</strong></span> <span class='ocrx_word' id='word_1_184' title='bbox 679 2658 783 2723; x_wconf 88' lang='lat' dir='ltr'><strong>honos</strong></span> <span class='ocrx_word' id='word_1_185' title='bbox 806 2659 968 2743; x_wconf 87' lang='lat' dir='ltr'><strong>tellusque</strong></span> <span class='ocrx_word' id='word_1_186' title='bbox 992 2659 1200 2724; x_wconf 70' lang='lat' dir='ltr'><strong>subactam</strong></span> 
     </span>
     <span class='ocr_line' id='line_1_29' title="bbox 183 2745 1172 2832; baseline -0.003 -18"><span class='ocrx_word' id='word_1_187' title='bbox 183 2748 384 2814; x_wconf 89' lang='lat' dir='ltr'><strong>Phoenicum</strong></span> <span class='ocrx_word' id='word_1_188' title='bbox 408 2751 441 2810; x_wconf 90' lang='grc'><strong>51</strong></span> <span class='ocrx_word' id='word_1_189' title='bbox 465 2745 632 2832; x_wconf 79' lang='lat' dir='ltr'><strong>Carthago</strong></span> <span class='ocrx_word' id='word_1_190' title='bbox 656 2768 762 2824; x_wconf 89' lang='lat' dir='ltr'><strong>ruens,</strong></span> <span class='ocrx_word' id='word_1_191' title='bbox 786 2747 905 2812; x_wconf 87' lang='lat' dir='ltr'><strong>iniuria</strong></span> <span class='ocrx_word' id='word_1_192' title='bbox 928 2752 1084 2830; x_wconf 85' lang='lat' dir='ltr'><strong>quantum</strong></span> <span class='ocrx_word' id='word_1_193' title='bbox 1159 2776 1172 2790; x_wconf 82' lang='grc'><em>·</em></span> 
     </span>
     <span class='ocr_line' id='line_1_30' title="bbox 182 2835 1040 2920; baseline -0.005 -17"><span class='ocrx_word' id='word_1_194' title='bbox 182 2837 264 2904; x_wconf 78' lang='grc'>0515</span> <span class='ocrx_word' id='word_1_195' title='bbox 287 2859 326 2902; x_wconf 88' lang='lat' dir='ltr'><strong>ex</strong></span> <span class='ocrx_word' id='word_1_196' title='bbox 348 2835 471 2900; x_wconf 89' lang='lat' dir='ltr'><strong>inuidia</strong></span> <span class='ocrx_word' id='word_1_197' title='bbox 494 2835 616 2900; x_wconf 90' lang='lat' dir='ltr'><strong>decoris</strong></span> <span class='ocrx_word' id='word_1_198' title='bbox 639 2836 730 2919; x_wconf 81' lang='lat' dir='ltr'><strong>tulit3</strong></span> <span class='ocrx_word' id='word_1_199' title='bbox 754 2835 864 2899; x_wconf 90' lang='lat' dir='ltr'><strong>omnia</strong></span> <span class='ocrx_word' id='word_1_200' title='bbox 886 2847 1040 2920; x_wconf 87' lang='lat' dir='ltr'><strong>namque</strong></span> 
     </span>
     <span class='ocr_line' id='line_1_31' title="bbox 181 2922 1087 3007; baseline -0.004 -15"><span class='ocrx_word' id='word_1_201' title='bbox 181 2927 273 2992; x_wconf 89' lang='lat' dir='ltr'><strong>Dura</strong></span> <span class='ocrx_word' id='word_1_202' title='bbox 297 2925 393 2990; x_wconf 88' lang='lat' dir='ltr'><strong>simul</strong></span> <span class='ocrx_word' id='word_1_203' title='bbox 416 2923 544 2988; x_wconf 89' lang='lat' dir='ltr'><strong>deuicta</strong></span> <span class='ocrx_word' id='word_1_204' title='bbox 567 2925 648 3006; x_wconf 86' lang='lat' dir='ltr'><strong>uiro,</strong></span> <span class='ocrx_word' id='word_1_205' title='bbox 671 2929 786 3005; x_wconf 87' lang='lat' dir='ltr'><strong>metus,</strong></span> <span class='ocrx_word' id='word_1_206' title='bbox 809 2922 985 3007; x_wconf 89' lang='lat' dir='ltr'><strong>Hannibal,</strong></span> <span class='ocrx_word' id='word_1_207' title='bbox 1008 2924 1087 3007; x_wconf 87' lang='lat' dir='ltr'><strong>irae,</strong></span> 
     </span>
     <span class='ocr_line' id='line_1_32' title="bbox 182 3011 1038 3096; baseline -0.007 -16"><span class='ocrx_word' id='word_1_208' title='bbox 182 3014 321 3095; x_wconf 89' lang='lat' dir='ltr'><strong>Inuidia,</strong></span> <span class='ocrx_word' id='word_1_209' title='bbox 345 3018 443 3096; x_wconf 91' lang='lat' dir='ltr'><strong>atque</strong></span> <span class='ocrx_word' id='word_1_210' title='bbox 466 3034 531 3076; x_wconf 92' lang='grc'><strong>555</strong></span> <span class='ocrx_word' id='word_1_211' title='bbox 554 3013 641 3076; x_wconf 82' lang='lat' dir='ltr'><strong>fama</strong></span> <span class='ocrx_word' id='word_1_212' title='bbox 664 3016 697 3076; x_wconf 87' lang='grc'><strong>51</strong></span> <span class='ocrx_word' id='word_1_213' title='bbox 718 3011 851 3076; x_wconf 89' lang='lat' dir='ltr'><strong>fortuna</strong></span> <span class='ocrx_word' id='word_1_214' title='bbox 875 3013 1038 3077; x_wconf 85' lang='lat' dir='ltr'><strong>subactae.</strong></span> 
     </span>
    </p>

    <p class='ocr_par' dir='ltr' id='par_1_13' title="bbox 228 3099 1200 3184">
     <span class='ocr_line' id='line_1_33' title="bbox 228 3099 1200 3184; baseline -0.002 -18"><span class='ocrx_word' id='word_1_215' title='bbox 228 3103 354 3168; x_wconf 89' lang='lat' dir='ltr'><strong>Poenus</strong></span> <span class='ocrx_word' id='word_1_216' title='bbox 379 3102 419 3165; x_wconf 90' lang='lat' dir='ltr'><strong>ab</strong></span> <span class='ocrx_word' id='word_1_217' title='bbox 445 3101 571 3164; x_wconf 86' lang='lat' dir='ltr'><strong>excelso</strong></span> <span class='ocrx_word' id='word_1_218' title='bbox 595 3099 725 3184; x_wconf 89' lang='lat' dir='ltr'><strong>rapidos</strong></span> <span class='ocrx_word' id='word_1_219' title='bbox 750 3101 916 3165; x_wconf 85' lang='lat' dir='ltr'><strong>decurrere</strong></span> <span class='ocrx_word' id='word_1_220' title='bbox 939 3101 1027 3164; x_wconf 89' lang='lat' dir='ltr'><strong>uallo</strong></span> <span class='ocrx_word' id='word_1_221' title='bbox 1146 3115 1200 3164; x_wconf 83' lang='grc'><strong>580</strong></span> 
     </span>
    </p>
   </div>
   <div class='ocr_carea' id='block_1_5' title="bbox 255 3239 1304 3332">
    <p class='ocr_par' dir='ltr' id='par_1_14' title="bbox 255 3239 1304 3332">
     <span class='ocr_line' id='line_1_34' title="bbox 255 3239 1304 3332; baseline -0.007 0"><span class='ocrx_word' id='word_1_222' title='bbox 255 3284 306 3332; x_wconf 83' lang='grc'><strong>545</strong></span> <span class='ocrx_word' id='word_1_223' title='bbox 327 3275 468 3332; x_wconf 77' lang='lat' dir='ltr'><strong>obolenda</strong></span> <span class='ocrx_word' id='word_1_224' title='bbox 486 3280 523 3328; x_wconf 80' lang='grc'><strong>55</strong></span> <span class='ocrx_word' id='word_1_225' title='bbox 603 3278 731 3328; x_wconf 77' lang='lat' dir='ltr'><strong>cernon</strong></span> <span class='ocrx_word' id='word_1_226' title='bbox 751 3278 856 3326; x_wconf 78' lang='lat' dir='ltr'><strong>curru</strong></span> <span class='ocrx_word' id='word_1_227' title='bbox 879 3278 1012 3328; x_wconf 78' lang='lat' dir='ltr'><strong>noso-</strong></span> <span class='ocrx_word' id='word_1_228' title='bbox 1027 3272 1200 3328; x_wconf 72' lang='lat' dir='ltr'><strong>minorans</strong></span> <span class='ocrx_word' id='word_1_229' title='bbox 1303 3239 1304 3244; x_wconf 25' lang='lat'>¹</span> 
     </span>
    </p>
   </div>
   <div class='ocr_carea' id='block_1_6' title="bbox 184 3343 1204 3633">
    <p class='ocr_par' dir='ltr' id='par_1_15' title="bbox 184 3343 1204 3633">
     <span class='ocr_line' id='line_1_35' title="bbox 185 3343 1204 3417; baseline -0.006 -14"><span class='ocrx_word' id='word_1_230' title='bbox 185 3367 235 3404; x_wconf 83' lang='lat' dir='ltr'><strong>noe</strong></span> <span class='ocrx_word' id='word_1_231' title='bbox 245 3347 411 3417; x_wconf 89' lang='lat' dir='ltr'><strong>aequauisse</strong></span> <span class='ocrx_word' id='word_1_232' title='bbox 421 3347 522 3400; x_wconf 89' lang='lat' dir='ltr'><strong>minori</strong></span> <span class='ocrx_word' id='word_1_233' title='bbox 532 3347 616 3416; x_wconf 74' lang='lat' dir='ltr'><strong>culpo</strong></span> <span class='ocrx_word' id='word_1_234' title='bbox 675 3349 725 3398; x_wconf 81' lang='lat'><strong>552</strong></span> <span class='ocrx_word' id='word_1_235' title='bbox 742 3343 890 3398; x_wconf 80' lang='lat' dir='ltr'><strong>Soluentur</strong></span> <span class='ocrx_word' id='word_1_236' title='bbox 899 3360 950 3398; x_wconf 81' lang='lat' dir='ltr'><strong>acr.</strong></span> <span class='ocrx_word' id='word_1_237' title='bbox 964 3344 1012 3410; x_wconf 77' lang='lat' dir='ltr'><strong>(cs.</strong></span> <span class='ocrx_word' id='word_1_238' title='bbox 1026 3361 1075 3398; x_wconf 82' lang='grc'><strong>55.</strong></span> <span class='ocrx_word' id='word_1_239' title='bbox 1086 3347 1141 3398; x_wconf 79' lang='grc'><strong>544</strong></span> <span class='ocrx_word' id='word_1_240' title='bbox 1150 3348 1204 3412; x_wconf 82' lang='lat' dir='ltr'><strong>aq.)</strong></span> 
     </span>
     <span class='ocr_line' id='line_1_36' title="bbox 185 3413 1201 3484; baseline -0.009 -9"><span class='ocrx_word' id='word_1_241' title='bbox 185 3421 350 3476; x_wconf 78' lang='lat' dir='ltr'><strong>Solueturs</strong></span> <span class='ocrx_word' id='word_1_242' title='bbox 449 3423 501 3473; x_wconf 79' lang='grc'><strong>562</strong></span> <span class='ocrx_word' id='word_1_243' title='bbox 520 3417 735 3482; x_wconf 86' lang='lat' dir='ltr'><strong>Mutassentque</strong></span> <span class='ocrx_word' id='word_1_244' title='bbox 758 3414 860 3484; x_wconf 85' lang='lat' dir='ltr'><strong>solum]</strong></span> <span class='ocrx_word' id='word_1_245' title='bbox 884 3413 1038 3468; x_wconf 85' lang='lat' dir='ltr'><strong>Mutauisse</strong></span> <span class='ocrx_word' id='word_1_246' title='bbox 1063 3419 1201 3468; x_wconf 74' lang='grc'>5555558</span> 
     </span>
     <span class='ocr_line' id='line_1_37' title="bbox 184 3484 1204 3546; baseline -0.007 -2"><span class='ocrx_word' id='word_1_247' title='bbox 184 3491 341 3546; x_wconf 82' lang='grc' dir='ltr'>Μ51555551</span> <span class='ocrx_word' id='word_1_248' title='bbox 360 3489 459 3546; x_wconf 85' lang='lat' dir='ltr'><strong>solium</strong></span> <span class='ocrx_word' id='word_1_249' title='bbox 479 3489 615 3544; x_wconf 79' lang='lat' dir='ltr'><strong>Heinsius</strong></span> <span class='ocrx_word' id='word_1_250' title='bbox 687 3484 985 3540; x_wconf 75' lang='grc' dir='ltr'>565Ε155155555550</span> <span class='ocrx_word' id='word_1_251' title='bbox 1004 3485 1204 3540; x_wconf 84' lang='lat' dir='ltr'><strong>Acceleremus</strong></span> 
     </span>
     <span class='ocr_line' id='line_1_38' title="bbox 184 3556 847 3633; baseline -0.015 -15"><span class='ocrx_word' id='word_1_252' title='bbox 184 3563 270 3633; x_wconf 75' lang='grc'>55195</span> <span class='ocrx_word' id='word_1_253' title='bbox 289 3593 322 3603; x_wconf 88' lang='grc'>-</span> <span class='ocrx_word' id='word_1_254' title='bbox 341 3561 453 3630; x_wconf 88' lang='lat' dir='ltr'><strong>iamque</strong></span> <span class='ocrx_word' id='word_1_255' title='bbox 472 3557 635 3615; x_wconf 84' lang='lat' dir='ltr'><strong>intermixta</strong></span> <span class='ocrx_word' id='word_1_256' title='bbox 653 3556 792 3612; x_wconf 82' lang='lat' dir='ltr'><strong>sonabant</strong></span> <span class='ocrx_word' id='word_1_257' title='bbox 805 3561 847 3608; x_wconf 79' lang='lat' dir='ltr'><strong>&#39;ch</strong></span> 
     </span>
    </p>
   </div>
   <div class='ocr_carea' id='block_1_7' title="bbox 0 0 1320 4014">
    <p class='ocr_par' dir='ltr' id='par_1_16' title="bbox 0 0 1320 4014">
     <span class='ocr_line' id='line_1_39' title="bbox 0 0 1320 4014; baseline 0 0"><span class='ocrx_word' id='word_1_258' title='bbox 0 0 1320 4014; x_wconf 95' lang='lat' dir='ltr'><strong> </strong></span> 
     </span>
    </p>
   </div>
  </div>
 </body>
</html>
