2596 4010
398 203 615 260 PUNICORUM
634 205 744 261 LIBER
762 207 808 266 IV.
1079 209 1120 274 91

107 367 172 434 Oui
182 367 303 452 consul,
312 389 455 451 namque
468 368 517 432 ira
531 368 653 452 coquit:
669 369 778 455 ‘Pone,
797 371 953 455 improbe,
969 371 1122 457 quicquid

109 455 228 522 Restat
249 455 284 520 in
307 477 363 521 ore
385 455 455 521 fero
479 462 512 520 et
533 460 685 523 truncata
706 457 815 524 fronte
837 459 982 526 relucet?

111 544 166 611 Sic
189 545 245 630 ait,
266 545 457 629 intorquens
481 544 609 610 derecto
633 547 763 612 turbine
786 549 895 633 robur,
1069 565 1121 616 646

108 633 156 699 Et
179 634 286 699 dirum
307 637 380 699 tota
402 633 559 699 tramittit
582 635 713 720 cuspide
736 636 855 702 lumen.

110 721 182 789 Nec
205 722 309 788 leuior
332 723 444 788 dextra
467 727 641 809 generatus
665 723 851 790 Hamilcare
875 726 993 812 saeuit,

57 889 60 894 Ι
110 811 197 878 Huic
220 811 307 878 cadit
329 810 443 877 infelix
464 812 569 878 niueis
592 811 741 878 Uarenus
764 813 799 878 in
823 814 931 898 armis,

107 899 266 967 Meuanas
289 899 448 988 Uarenus,
471 905 543 966 arat
567 901 618 966 oui
642 901 753 967 diuitis
776 901 857 967 uber

109 988 227 1074 Campi
249 989 412 1075 Fulginia,
435 994 467 1054 et
489 989 612 1074 patulis
635 989 819 1056 Clitumnus
842 991 878 1056 in
900 990 990 1055 aruis
1067 1005 1120 1057 646

107 1076 285 1143 (landentis
310 1078 417 1163 gelido
440 1079 607 1163 perfundit
629 1079 762 1144 flumine
785 1083 906 1146 tauros.

108 1165 173 1231 Sed
195 1167 307 1231 tristes
331 1168 449 1251 superi,
473 1172 569 1251 atque
592 1169 724 1254 ingrata
743 1167 885 1232 maxima
908 1189 986 1233 cura

106 1253 253 1334 Uiotima
275 1254 413 1340 Tarpeio
436 1256 560 1320 frustra
581 1256 709 1321 nutrita
731 1256 881 1321 Tonanti.

106 1343 216 1410 Instat
238 1342 342 1407 Hiber
365 1344 448 1408 leuis
472 1348 505 1408 et
527 1345 630 1409 leuior
653 1345 832 1410 discurrere
855 1343 998 1410 Maurus.

106 1431 193 1498 Hinc
215 1432 293 1518 pila,
315 1432 391 1496 binc
414 1431 556 1514 Libycae
579 1437 706 1498 certant
729 1433 899 1498 subtexere
922 1454 1039 1499 cornus
1066 1448 1119 1500 666

105 1521 217 1586 Densa
238 1520 325 1585 nube
349 1521 472 1604 polum3
496 1526 716 1606 quantumque
739 1522 911 1588 interiacet
931 1522 1030 1607 aequi

105 1610 159 1674 Ad
181 1611 270 1695 ripas
293 1608 409 1692 campi,
432 1612 562 1674 tantum
584 1609 751 1674 uibrantia
774 1611 917 1676 condunt

104 1699 199 1780 Tela;
221 1719 280 1763 neo
304 1697 421 1762 artatis
445 1698 536 1763 locus
560 1701 610 1762 ast
628 1700 663 1763 in
685 1703 788 1764 morte
811 1699 955 1764 cadendi.

149 1784 268 1870 Allius,
292 1786 457 1872 Argyripa
480 1786 650 1871 Daunique
673 1787 836 1871 profectus
861 1787 902 1852 ab
927 1788 1015 1853 aruis

101 1873 262 1959 Uenetor,
285 1875 417 1939 rudibus
440 1875 556 1941 iaculis
581 1879 614 1940 et
636 1875 758 1961 Iapyge
782 1898 934 1960 campum
1064 1891 1117 1942 666

102 1962 315 2028 Persultabat
338 1985 430 2049 eque,
452 1964 640 2048 mediosque
662 1964 809 2030 inuectus
831 1965 866 2030 in
888 1965 1004 2050 hostis,

102 2051 215 2134 Apula
236 2072 304 2116 non
325 2073 411 2116 uana
432 2053 608 2136 torquebat
631 2053 754 2136 spicula
777 2053 898 2120 dextra

103 2139 189 2204 Huic
211 2140 325 2204 horret
346 2140 464 2205 thorax
486 2139 643 2206 Samnitis
666 2141 805 2224 pellibus
828 2163 932 2227 ursae,

101 2229 149 2293 Et
173 2227 268 2313 galea
291 2230 405 2293 annosi
428 2229 572 2294 uallatur
595 2229 745 2295 dentibus
769 2230 847 2315 apri.

102 2316 227 2382 Uerum
250 2317 307 2382 ubi
329 2318 527 2403 turbantem,
551 2319 622 2383 solo
646 2340 704 2384 ceu
727 2318 831 2383 lustra
853 2322 998 2403 pererret
1063 2335 1115 2386 666

102 2405 142 2470 16
166 2427 298 2472 nemore
322 2410 378 2472 aut
401 2407 504 2493 agitet
527 2405 680 2492 Gargano
703 2410 797 2492 terga
819 2407 972 2491 ferarum,

101 2494 188 2560 Hinc
211 2495 319 2582 Mago,
342 2495 418 2561 hinc
442 2517 558 2560 saeuus
580 2497 704 2580 pariter
726 2495 835 2560 uidere
858 2493 1041 2580 Maharbal,

102 2582 150 2648 Ut
174 2585 345 2670 subigente
367 2583 455 2648 fame
478 2583 613 2649 diuersis
637 2585 772 2668 rupibus
795 2583 864 2648 ursi

101 2671 267 2737 Inuadunt
288 2672 453 2756 trepidum
477 2672 606 2758 gemina
628 2673 715 2738 inter
737 2671 863 2756 proelia
885 2674 1024 2754 taurum,

102 2759 173 2826 Neo
186 2765 313 2844 partem
327 2761 466 2845 praedae
479 2761 603 2844 patitur
617 2759 855 2826 furor-hand
870 2780 962 2824 secus
972 2781 1047 2825 acer
1060 2775 1113 2827 666

102 2848 189 2914 Hinc
213 2852 309 2933 atque
332 2849 408 2914 hino
431 2849 537 2915 iaculo
561 2849 747 2914 deuoluitur
769 2845 878 2912 Allius
901 2851 983 2913 acto.

102 2936 135 3000 16
158 2937 297 3001 stridens
320 2959 378 3021 per
400 2941 574 3022 utrumque
596 2937 682 3002 latus
705 2936 873 3002 Maurusia
894 2939 1006 3023 taxus3

101 3023 210 3089 Obuia
232 3027 303 3089 tum
325 3025 431 3090 medio
456 3029 634 3091 sonuerunt
656 3025 781 3110 spicula
804 3025 908 3110 corde,

101 3112 331 3198 Incertumque
354 3113 426 3198 fuit,
448 3115 551 3179 letum
575 3115 627 3180 cui
646 3114 772 3180 cederet
793 3115 916 3180 hastae.

174 3364 225 3414 639
243 3359 393 3414 reducet!
466 3363 519 3414 640
538 3360 649 3415 derecto
668 3365 769 3414 66Ηο
789 3360 895 3416 directo
914 3365 937 3412 v
953 3362 1001 3428 (cf.
1011 3361 1053 3416 ΙΙ.
1065 3365 1111 3431 92,

105 3430 157 3486 VI.
171 3433 239 3495 228,
252 3431 311 3485 IX.
325 3434 392 3498 583)
493 3435 545 3486 646
563 3429 635 3486 Η166
654 3437 697 3484 ov
804 3437 856 3486 644
875 3430 1006 3486 Meuanas
1025 3432 1112 3488 Uare·

99 3517 154 3556 nus
173 3507 257 3554 om
275 3516 394 3556 meuano
414 3507 456 3555 ov
497 3508 549 3557 646
564 3502 684 3573 fulginia
699 3507 741 3555 0V
754 3501 880 3570 fulginea
897 3507 938 3554 L!
980 3509 1033 3558 664
1047 3520 1112 3574 pro·

99 3572 203 3644 fectus]
221 3571 398 3642 professus!
470 3579 521 3630 668
540 3573 647 3630 Η1666
719 3579 771 3628 663
790 3572 932 3629 diuersil.
