2596 4010
203 143 267 228 128
598 161 667 216 s1n1
684 159 816 216 inanior

203 325 317 392 Omnis
339 325 434 390 hasta
457 345 555 389 meos.
579 324 631 390 cni
654 346 706 388 me
729 323 831 388 libare
854 323 956 407 Lyaei

202 414 295 492 Quod
317 413 421 480 cernis
444 414 567 496 latices,
591 413 726 496 dignum
749 432 945 496 cognoscere
969 433 1119 478 causam.

246 503 408 568 Turbidus
432 503 554 567 arentis
577 503 665 566 lento
687 502 768 586 pede
792 498 897 566 sulcat
918 500 1059 566 harenas
1178 519 1230 568 140

201 591 363 678 Bagrada,
385 612 453 656 non
475 591 544 656 ullo
567 589 698 675 Libycis
720 590 898 655 infinibus
922 611 1017 654 amne

200 680 317 746 Uictus
339 680 474 745 limosas
499 680 671 744 extendere
694 680 793 744 latius
815 678 920 744 undas
955 715 964 730 ·

200 769 247 836 Et
271 772 446 854 stagnante
468 770 552 834 uado
575 769 708 854 patulos
731 766 898 833 inuoluere
922 787 1064 852 campos.

200 857 265 924 Hic
289 858 396 922 studio
419 857 568 939 laticum,
596 879 734 942 quorum
758 860 808 922 eat
830 856 918 921 haud
945 855 1083 940 prodiga
1108 856 1228 940 tellus,

200 947 263 1012 Per
285 948 375 1031 ripas
398 946 477 1010 laeti
499 947 606 1010 saeuis
630 945 833 1010 consedimus
857 945 957 1010 aruis
1173 961 1226 1010 146

130 1101 136 1107 ,
200 1033 306 1100 Lucus
328 1035 416 1100 iners
438 1034 530 1099 iuxta
552 1032 703 1119 Stygium
726 1035 925 1118 pallentibus
948 1032 1073 1096 umbris

201 1121 361 1188 Seruabat
384 1123 455 1188 sine
478 1124 545 1187 sole
568 1144 692 1204 nemus,
714 1144 907 1208 crassusque
929 1143 987 1204 per
1011 1142 1111 1185 auras

199 1210 332 1276 Halitus
356 1233 528 1295 erumpens
551 1215 693 1306 taetrum
717 1212 888 1294 expirabat
898 1210 1053 1304 Blfflffl

198 1299 293 1365 Intus
317 1300 387 1364 dira
410 1300 524 1364 domus
548 1297 721 1384 ouiu'dlp'rfe'
733 1297 885 1364 immanis
909 1299 944 1362 in
967 1301 1060 1362 antro

200 1387 267 1454 Sub
290 1393 394 1453 terras
418 1409 532 1473 specus
557 1393 589 1453 et
612 1389 723 1452 tristes
748 1388 816 1452 sine
839 1388 910 1452 luce
934 1386 1097 1452 tenebrae.
1173 1407 1227 1456 150

199 1476 325 1542 Horror
349 1480 458 1542 mente
480 1477 574 1541 redit.
597 1481 780 1563 monstrum
804 1475 973 1560 exitiabile
996 1478 1030 1539 et
1052 1476 1106 1540 ira

197 1565 337 1629 Telluris
362 1565 518 1652 genitum,
540 1565 592 1630 cui
614 1587 674 1649 par
695 1565 751 1628 uix
774 1565 894 1629 uiderit
916 1568 1006 1629 aetas

197 1652 276 1718 Ulla
298 1653 416 1735 uirum,
439 1674 472 1717 se
514 1674 571 1718 ens
595 1659 725 1718 centurn
747 1657 916 1738 porrectus
938 1651 975 1716 in
996 1652 1095 1717 ulnas

197 1740 343 1805 Letalem
366 1742 474 1825 ripam
497 1763 514 1804 e
553 1743 644 1807 lucos
667 1741 842 1806 habitabat
864 1743 1024 1806 Auernos.

196 1828 382 1913 Ingluuiem
403 1829 555 1894 immensi
576 1830 700 1894 uentris
725 1830 957 1915 grauidamque
979 1830 1118 1894 uenenis
1171 1849 1226 1898 155

197 1917 320 1981 Aluum
344 1917 494 2001 deprensi
518 1918 684 1982 satiabant
706 1919 798 1984 fonte
821 1919 941 2002 leones,

195 2003 265 2070 Aut
288 2010 361 2070 acta
384 2005 425 2069 ad
447 2006 583 2070 fluuium
605 2008 744 2072 torrenti
766 2007 916 2090 lampade
941 2006 1018 2070 solis

195 2093 355 2158 Armenta
379 2097 559 2159 attractae
582 2095 676 2160 foeda
700 2095 863 2181 grauitate
885 2117 943 2180 per
967 2116 1063 2158 auras

195 2181 245 2246 Ae
268 2183 345 2246 tabe
369 2181 500 2248 afflatus
524 2184 683 2248 uolucres.
706 2205 833 2248 semesa
854 2183 1006 2248 iacebant

196 2269 280 2335 Ossa
304 2271 384 2356 sole,
406 2271 540 2336 informi
563 2272 646 2356 dape
670 2294 752 2356 quae
774 2273 919 2356 repletus
943 2275 976 2336 et
995 2293 1093 2355 asper
1171 2293 1226 2342 leo
1283 2321 1284 2382 p

194 2357 343 2433 Uestatis
368 2360 522 2445 gregibus
545 2360 641 2444 nigro
665 2365 811 2425 ructarat
833 2361 867 2424 in
891 2364 994 2424 antro.

194 2448 292 2531 Isque
314 2447 372 2512 ubi
394 2447 536 2514 feruenti
551 2454 716 2534 concepta
738 2449 889 2514 incendia
912 2452 1009 2533 pastu

196 2534 335 2622 Gurgite
359 2538 523 2602 mulcebat
545 2537 660 2621 rapido
684 2543 717 2602 et
740 2539 969 2624 spumantibus
993 2536 1100 2622 undis,

193 2623 348 2690 Nondum
371 2627 471 2690 etiam
495 2630 566 2692 tuto
590 2627 755 2691 demersus
779 2648 915 2710 corpore
938 2628 973 2690 in
996 2647 1128 2692 amnem

193 2711 265 2778 Iam
289 2719 387 2798 caput
410 2715 565 2779 aduersae
588 2715 732 2799 ponebat
755 2716 904 2800 margine
927 2715 1027 2798 ripae.
1169 2735 1224 2784 165

193 2799 388 2886 Imprudens
411 2807 525 2868 tantae
547 2803 650 2888 pestis
674 2803 855 2888 gradiebar,
878 2803 1009 2888 Aquino

193 2888 434 2973 Apenninicola
457 2896 554 2976 atque
578 2889 703 2957 Umbro
727 2892 903 2957 comitatus
925 2889 1068 2977 Auente3

165 3121 170 3130 ·
269 3102 319 3152 139
336 3097 480 3166 dignums
499 3099 614 3169 dignum
625 3102 759 3167 estnnlqo
804 3105 853 3154 141
865 3099 959 3154 ulli—
970 3097 1047 3155 amni
1061 3099 1221 3160 Liuineius

194 3173 220 3224 et
238 3166 376 3223 Heinsius
465 3175 517 3224 145
537 3170 641 3242 saeuis]
661 3172 751 3242 riguis
770 3171 907 3226 Heinsius
1003 3177 1054 3225 149
1074 3172 1219 3243 fumoque

194 3239 330 3294 Hennae
436 3245 488 3296 150
506 3240 564 3295 Sub
582 3246 660 3296 terra
678 3243 824 3307 Heinsius,
842 3243 915 3311 qnod
927 3243 1008 3311 prob.
1034 3243 1162 3311 Wagner
1180 3249 1220 3301 ud

202 3310 278 3378 Vere.
294 3311 364 3366 Aen.
380 3311 453 3367 XII.
469 3318 524 3367 811
597 3318 648 3368 152
667 3312 773 3367 uiderit
791 3319 828 3366 ch
846 3311 958 3366 uiderat
976 3318 995 3365 0
1075 3315 1219 3370 1591816-

192 3381 264 3435 bant
281 3388 301 3434 1.
398 3387 450 3437 160
469 3400 533 3438 ossa
551 3385 620 3451 solo,
640 3383 755 3438 informi
773 3384 846 3454 dape
865 3400 938 3452 qnae
951 3400 1003 3439 sor.
1016 3382 1218 3442 informidate·

192 3458 279 3519 ques
299 3469 363 3507 ossa
381 3453 441 3508 solo
460 3454 586 3508 informi:
605 3455 718 3523 lateque
737 3458 822 3526 nnlyo
901 3462 951 3510 161
970 3456 1099 3509 ructarat
1118 3462 1135 3508 s
1155 3476 1219 3512 ruc-

190 3521 273 3576 tabat
290 3525 375 3592 nnlpo
434 3530 485 3579 162
504 3526 600 3595 pastu]
620 3525 656 3578 ab
675 3527 756 3580 aestu
774 3527 913 3581 Heinsius
978 3531 1028 3580 167
1049 3529 1166 3584 Auente
1179 3535 1217 3583 cb
