2632 4014
193 191 257 255 174
356 163 358 168 ’
588 192 657 246 sni
675 191 809 248 manci

238 355 319 421 Tum
343 355 427 438 diua,
450 353 603 440 indigetis
628 353 727 418 castis
752 353 952 418 contermina
975 353 1071 418 lucis:

189 443 324 525 ‘Haud'
347 443 462 527 inquit,
486 442 561 506 ‘tua
584 443 634 508 ius
658 442 753 507 nobis
776 445 951 526 praecepta
974 435 1109 508 morari(
1167 461 1204 510 40
1304 439 1305 508 ;

189 531 239 596 Sit
261 531 322 618 fas,
347 533 390 596 sit
412 535 552 615 tantum,
575 551 703 615 quaeso,
726 534 866 596 retinere
890 530 1036 594 fauorem

187 621 352 705 Antiquae
375 621 502 706 patriae
526 620 742 704 mandataque
766 639 886 703 magna
910 618 1040 702 sororis,

187 708 391 793 Quamquam
407 709 493 772 inter
507 708 619 773 Latios
635 710 749 772 Annae
770 714 834 772 stet
851 728 972 772 numen
985 705 1148 772 honores?
1160 745 1199 756 —
1304 737 1305 742 ¹

234 798 339 862 Multa
361 801 449 861 retro
473 818 581 860 rerum
605 798 688 882 iacet
711 801 808 880 atque
832 796 1023 882 ambagibus
1048 798 1121 882 aeui

186 885 363 969 Obtegitur
387 885 485 949 densa
508 885 647 972 caligine
671 907 778 950 mersa
802 889 959 965 uetustas,
1165 903 1201 951 45

185 971 250 1038 Cur
275 973 417 1040 Sarrana
440 973 547 1038 dicent
571 973 706 1038 Oenotri
729 973 865 1038 numina
886 972 1021 1055 templo,

185 1063 371 1149 Regnisque
395 1061 583 1145 Aeneadum
607 1083 764 1146 germana
787 1063 915 1126 colatur
936 1061 1074 1126 Elissae.

187 1149 250 1215 Sed
273 1152 396 1236 pressis
420 1150 581 1236 stringam
605 1155 792 1216 reuocatam
815 1151 856 1214 ab
881 1150 1007 1235 origine
1030 1150 1154 1215 famam

184 1238 350 1304 Narrandi
374 1240 470 1302 metis
494 1239 701 1324 breuiterque
725 1240 860 1323 antiqua
883 1238 1064 1303 reuoluam:

227 1327 328 1392 lliaco
351 1330 527 1412 postquam
550 1327 679 1392 deserta
701 1331 752 1392 est
774 1327 904 1410 hospite
927 1325 1023 1410 Dido,
1163 1344 1201 1394 50

183 1415 228 1480 Et
253 1438 325 1500 spes
350 1417 489 1498 abrupta
513 1437 529 1480 e
553 1417 669 1500 medio,
692 1417 726 1480 in
748 1416 971 1500 penetralibus
995 1421 1102 1480 atram

118 1509 121 1516 '
182 1503 331 1568 Festinat
355 1504 529 1568 furibunda
552 1527 675 1587 pyram.
699 1508 771 1568 tum
794 1504 928 1588 corripit
952 1525 1061 1568 ensem

183 1591 281 1658 Oerta
301 1594 398 1674 neeis,
421 1591 553 1676 profugi
576 1593 695 1656 donum
719 1593 848 1656 exitiale
872 1592 990 1656 mariti.

181 1681 362 1764 Despectus
385 1680 500 1744 taedae
523 1682 633 1764 regnis
658 1703 692 1744 se
715 1681 855 1764 imponit
878 1679 1001 1764 Iarbas,

182 1768 227 1832 Et
249 1769 359 1854 tepido
382 1767 468 1852 fugit
491 1768 587 1832 Anna
609 1789 700 1850 rogo.
725 1769 797 1852 quis
821 1769 918 1833 rebus
942 1769 1052 1852 egenis
1161 1786 1197 1835 oc

179 1855 293 1920 Ferret
317 1878 422 1941 opem,
446 1854 630 1920 Nomadum
654 1857 720 1920 late
744 1861 888 1922 terrente
911 1857 1074 1942 tyranno?

180 1945 299 2010 Battus
323 1943 471 2028 Cyrenen
494 1944 678 2008 mollitum
701 1945 786 2009 forte
809 1945 945 2010 fouebat

178 2031 329 2117 Imperio,
354 2033 443 2097 mitis
467 2031 585 2096 Battus
609 2033 825 2118 lacrimasque
849 2033 975 2097 dedisse

179 2119 316 2186 Casibus
340 2121 490 2185 humanis
514 2121 629 2186 facilis.
654 2122 718 2206 qui,
743 2123 889 2207 supplice
912 2117 993 2206 uisa,

178 2209 353 2274 Intremuit
375 2231 489 2294 regum
514 2214 648 2274 euentus
673 2211 883 2294 dextramque
907 2210 1054 2275 tetendit.
1155 2225 1194 2277 *60

177 2298 287 2382 Atque
312 2319 359 2382 ea,
383 2299 459 2362 dum
481 2298 585 2362 flauas
609 2299 660 2362 bis
684 2299 800 2363 tondet
822 2321 947 2363 messor
971 2299 1098 2383 aristas,

179 2384 316 2451 Seruata
338 2386 464 2450 interea
487 2387 592 2470 sedes3
615 2407 675 2451 nee
698 2386 829 2471 longius
853 2388 903 2451 uti

177 2475 238 2538 His
264 2470 379 2559 opibus
402 2473 566 2558 Battoque
590 2473 662 2538 fuit.
686 2497 761 2538 nam
784 2475 868 2539 ferre
891 2497 949 2559 per
973 2497 1094 2559 aequor

177 2563 325 2628 Exitium
349 2562 485 2627 miserae
508 2563 574 2626 iam
598 2563 813 2648 Pygmaliona
837 2564 981 2628 docebat.

179 2651 269 2737 Ergo
294 2652 402 2737 agitur
424 2649 552 2735 pelago,
576 2650 658 2716 diuis
681 2651 814 2716 inimica
838 2651 973 2735 sibique,
1157 2669 1191 2718 ou
1304 2651 1305 2672 ¹

177 2739 268 2814 Quod
293 2761 326 2803 se
350 2760 416 2805 non
440 2738 564 2802 dederit
588 2739 739 2804 comitem
763 2740 796 2804 in
821 2761 972 2823 suprema
996 2740 1110 2824 sorori,

246 2989 280 3036 40
299 2984 342 3037 ius
357 2983 583 3052 cmEp.280v
607 2983 649 3038 uis
668 2989 710 3036 tl?
790 2989 825 3038 41
844 2986 884 3038 sic
901 2991 977 3039 extat
994 3001 1090 3039 uersata
1107 2985 1140 3038 ia
1159 2991 1187 3053 a,

175 3055 233 3108 uisi
250 3055 323 3123 quod
341 3056 372 3109 tu
392 3058 410 3106 0
431 3053 477 3108 Sic
496 3055 538 3109 fas
557 3055 671 3125 legitur,
690 3055 763 3124 quod
776 3055 878 3125 probat
895 3055 986 3110 Barth
1010 3054 1053 3108 Sit
1070 3055 1128 3122 fas,
1148 3055 1187 3110 sit

178 3125 291 3180 cautum
310 3131 354 3178 cm
368 3125 386 3180 l.
402 3127 419 3180 1.
440 3125 478 3180 sit
495 3128 607 3180 tantum
625 3129 662 3177 ch
684 3127 728 3189 (Τ.
740 3144 770 3196 p.
785 3129 851 3194 211)
873 3125 926 3180 Sed
949 3126 992 3180 fas
1011 3123 1049 3178 sit
1072 3127 1186 3180 cautum

173 3198 213 3253 ed.
230 3197 325 3251 Marsi
345 3196 375 3250 si
393 3196 449 3262 fas,
473 3195 511 3250 sit
534 3201 647 3251 cautum
670 3196 804 3261 Lefebure
828 3215 951 3265 -quae
975 3195 1129 3251 detinuisse
1148 3202 1186 3249 ch

173 3267 241 3335 quin
259 3265 415 3321 detinuisse
433 3267 569 3322 Heinsius
588 3283 691 3335 quaeso
710 3268 832 3321 tenuisse
850 3267 991 3336 Ruperti.
1042 3273 1188 3323 Aduersus

172 3341 244 3394 deest
260 3339 293 3392 do
313 3337 368 3392 Ool.
387 3338 432 3400 (T.
442 3355 473 3408 p.
487 3342 554 3405 173)
627 3343 661 3391 47
682 3338 787 3408 Regnia
806 3343 843 3390 ch
915 3343 947 3392 51
968 3356 1031 3408 spes
1047 3337 1185 3406 abruptae

171 3409 271 3464 medio
297 3409 390 3464 Barea
426 3425 490 3477 spes
523 3411 670 3478 abruptae;
704 3409 804 3463 mediis
832 3408 1023 3478 penetralibus
1050 3409 1186 3465 Heinsius

172 3486 206 3534 55
231 3480 306 3549 fugit
328 3479 409 3533 Anna
432 3487 476 3532 cm
504 3479 559 3548 Ep.
579 3485 619 3535 28
641 3486 683 3532 LE
711 3495 789 3534 arma
811 3485 835 3532 v
862 3481 942 3534 arnia
965 3485 984 3532 0
1010 3481 1055 3548 (T.
1068 3483 1183 3550 pm)

171 3556 204 3604 61
224 3551 266 3604 bis
286 3556 305 3604 ⁰
324 3549 369 3605 his
387 3555 451 3603 ΗΝ
523 3554 557 3604 65
576 3549 707 3619 agiturl·
730 3552 791 3619 agit
808 3554 895 3605 utro
919 3550 960 3604 ait
978 3553 1011 3604 ut
1028 3554 1052 3601 V
