2596 4010
400 210 618 268 PUNICORUM
636 211 747 267 LIBER
765 211 812 269 IV.
1078 212 1122 278 87

107 376 314 461 Uestalisque
336 375 427 440 focos
451 375 597 459 extingui
621 375 777 460 sanguine
801 397 906 441 cerno.

105 465 178 531 Hoc
202 469 308 531 arcete
330 461 454 528 nefasl'
491 463 671 546 Postquam
694 465 779 528 inter
802 465 883 529 talia
905 465 1020 531 crebro

107 553 261 620 Clamore
285 554 420 620 obtusae
444 573 619 636 crassoque
644 574 663 616 a
686 552 818 636 puluere
841 553 960 638 fauces,

108 643 192 709 Hine
215 644 310 708 laeua
332 642 451 725 frenos,
475 641 550 706 hinc
574 640 688 705 dextra
711 641 846 725 corripit
869 663 960 707 arma

108 731 154 798 Et
175 733 279 797 latum
302 731 443 797 obiectat
466 733 580 813 pectus
604 729 817 813 strictumque
840 731 982 796 minatur
1066 747 1119 798 415

108 819 202 886 Nunc
223 820 295 904 sibi,
323 841 409 884 nunc
427 817 571 902 trepidis,
589 817 624 882 ni
649 821 781 902 restent,
800 819 980 884 comminus
1000 841 1121 888 ensem.

154 907 241 984 Quas
265 909 349 974 acies
374 908 441 972 alto
466 907 596 994 genitor
619 907 695 970 dum
719 910 844 992 spectat
868 907 1018 995 Olympo,

107 996 258 1066 Consulis
283 996 405 1082 egregii
428 1017 558 1061 mouere
580 996 724 1078 pericula
747 999 897 1061 mentem.

108 1085 288 1151 Gradiuum
310 1089 408 1151 uocat
430 1089 464 1148 et
486 1083 594 1169 patrio
619 1083 665 1150 sic
688 1107 744 1150 ore
766 1084 927 1169 profatur:

109 1174 336 1260 ‘Magnanimi
358 1195 410 1239 me
432 1177 518 1256 nete,
540 1173 611 1257 uiri,
634 1173 669 1238 ni
692 1173 781 1238 bella
803 1175 955 1258 capessis,
1067 1191 1121 1243 420

106 1263 205 1328 Haud
227 1263 324 1329 dubie
347 1267 509 1326 extremus
532 1265 633 1326 terret
654 1261 762 1348 labor3
786 1263 872 1347 eripe
896 1284 1025 1350 pugnae

107 1351 288 1417 Ardentem
312 1351 514 1434 oblitumque
539 1350 589 1414 sui
611 1351 779 1416 dulcedine
803 1351 944 1416 caedum.

107 1438 195 1506 Siste
218 1441 331 1506 ducem
353 1439 490 1522 Libyae3
511 1460 589 1503 nam
611 1439 685 1522 plus
708 1440 793 1525 petit
814 1440 984 1524 improbus
1006 1463 1071 1508 uno

107 1527 260 1594 Consulis
285 1527 394 1610 exitio,
416 1530 488 1592 tota
511 1549 609 1611 quam
633 1531 742 1612 strage
765 1528 945 1594 cadentum.

105 1616 288 1702 Praeterea,
311 1617 424 1701 cernis,
445 1623 576 1681 tenerae
599 1617 655 1700 qui
677 1618 803 1700 proelia
826 1617 958 1682 dextrae
1065 1634 1119 1686 425

105 1705 178 1770 Iam
201 1706 302 1771 credit
325 1727 405 1790 puer
428 1708 524 1790 atque
548 1727 649 1772 annos
672 1706 897 1771 transcendere
921 1706 1016 1773 factis

105 1793 242 1860 Molitur
264 1795 463 1879 longumque
485 1797 582 1878 putat
606 1795 780 1878 pubescere
803 1795 899 1880 bello,

107 1882 154 1946 Te
178 1883 441 1976 duceuprimitias
464 1903 603 1968 pugnae,
626 1886 658 1947 te
681 1905 802 1968 magna
825 1883 984 1969 magistro

105 1971 237 2037 Audeat
260 1976 293 2036 et
314 1973 457 2054 primum
479 1971 542 2036 hoc
564 1971 684 2055 uincat,
708 1993 855 2037 seruasse
878 1973 1069 2055 parentem?

151 2060 241 2125 Haec
263 2082 372 2124 rerum
395 2062 492 2124 sator.
516 2061 551 2124 at
572 2057 705 2125 Mauors
728 2060 763 2124 in
785 2061 910 2144 proelia
933 2083 1045 2127 currus
1063 2077 1117 2128 430

104 2147 246 2233 Odrysia
267 2149 383 2213 tellure
406 2150 519 2230 uocat3
542 2151 612 2212 tum
635 2147 781 2214 fulminis
805 2149 868 2214 atri

106 2235 321 2323 Spargentem
343 2237 492 2300 flammas
515 2236 654 2320 clipeum
678 2238 869 2322 galeamque
892 2236 1026 2304 deorum

105 2326 204 2392 Haud
227 2327 286 2391 ulli
308 2325 439 2390 facilem
462 2324 630 2409 multoque
653 2325 763 2391 labore
787 2324 965 2410 Cyclopum

104 2413 263 2480 Sudatum
286 2415 421 2479 thoraca
444 2413 532 2496 capit
554 2417 751 2498 quassatque
773 2436 833 2497 per
856 2435 950 2478 auras

106 2503 260 2568 Titanum
283 2502 370 2567 bello
395 2501 549 2567 satiatam
573 2503 741 2587 sanguinis
763 2503 894 2567 hastam
1061 2517 1114 2568 4³5

104 2590 215 2677 Atque
237 2591 354 2677 implet
377 2612 473 2656 curru
496 2612 638 2675 campos.
662 2589 820 2655 exercitus
843 2611 909 2654 una

102 2680 231 2746 Irarum
254 2679 514 2763 Eumenidesque
538 2680 637 2744 simul
659 2678 778 2762 letique
801 2678 926 2742 cruenti

103 2767 298 2834 Innumerae
320 2768 430 2853 facies,
451 2767 617 2852 frenisque
641 2771 776 2850 operata
798 2767 948 2851 regendis

104 2856 324 2942 Quadriiugos
347 2861 419 2922 atro
443 2856 593 2921 stimulat
613 2855 749 2920 Bellona
771 2854 912 2940 flagello.

104 2945 223 3010 Fertur
246 2947 287 3009 ab
310 2945 469 3010 immenso
492 2947 670 3029 tempestas
693 2943 825 3008 horrida
848 2945 937 3010 caelo
1063 2961 1116 3012 440

105 3033 341 3118 Nigrantisque
365 3032 480 3116 globos
505 3036 538 3096 et
560 3032 690 3097 turbida
711 3032 826 3098 nubila
848 3035 1003 3118 torquens

103 3121 251 3187 Inuoluit
273 3125 391 3205 terras3
414 3119 560 3204 quatitur
583 3120 736 3186 Saturnia
759 3121 850 3187 sedes

175 3443 226 3493 422
232 3437 421 3508 postcaedum
430 3439 529 3508 interp.
537 3438 670 3507 Lefebare
723 3443 775 3494 423
786 3439 871 3494 duces
882 3443 925 3491 ov
970 3443 1022 3494 436
1033 3455 1114 3496 cuma
1160 3348 1292 3480 μ

102 3509 301 3566 Drakenborch
319 3525 379 3566 eam
398 3510 438 3564 ed.
458 3509 549 3566 Purm.
592 3515 644 3566 4³7
663 3509 793 3564 Dirarum
812 3510 923 3566 Gronov
970 3515 1022 3564 489
1037 3511 1111 3584 atro]

102 3583 180 3637 torto
199 3581 243 3636 cel
261 3595 344 3636 saeuo
362 3596 418 3636 aaa
440 3579 510 3637 Vera
