2632 4014
183 178 250 244 234
581 177 649 232 SILI
667 177 804 236 lTALlCI

178 342 397 428 Obstringunt
420 341 545 406 animas
568 341 695 425 patriae
717 341 903 426 dictataque
925 341 1035 406 iurant

177 432 387 497 Sacramenta
409 430 477 494 deis
502 433 535 494 et
556 436 700 516 purgant
723 435 855 513 pectora
877 431 981 514 culpa.

220 518 329 604 Atque
354 519 491 584 eadum
514 517 645 584 Rutulis
669 520 802 584 turbata
825 523 933 584 mente
957 525 1123 604 geruntur,
1287 581 1288 590 ,

176 608 355 674 Lustrabat
378 628 510 690 campos
534 610 567 672 et
590 628 707 672 saeuae
729 607 838 672 tristia
862 608 994 672 dextrae
1138 623 1196 674 450
1287 617 1288 670 ἔ

175 697 278 762 Facta
299 696 497 778 recensebat,
518 699 723 780 pertractans
747 696 882 761 uulnera
904 697 988 780 uisu,

177 785 347 851 Hannibal
370 788 412 866 et,
435 805 554 870 magna
577 784 841 868 circumstipante
864 788 1004 868 caterua,

178 875 297 940 Dulcia
318 873 497 958 praebebat
520 873 665 938 trucibus
690 873 876 958 spectacula
898 873 1025 938 Poenis.

178 963 265 1038 Quas
289 965 416 1048 strages
439 961 534 1044 inter,
557 961 726 1026 confossus
749 966 882 1046 pectora
905 962 990 1044 telis,

180 1051 379 1117 Seminecem
403 1054 547 1116 extremo
570 1050 674 1114 uitam
697 1049 873 1114 exhalabat
894 1051 930 1114 in
953 1072 1048 1116 auras
1139 1067 1194 1117 466

177 1139 342 1205 Murmure
366 1139 516 1204 deficiens
540 1139 606 1202 iam
630 1137 772 1204 Cloelius
797 1161 916 1224 oraque
938 1139 1013 1205 nisu

178 1227 347 1314 Languida
369 1228 426 1292 uix
448 1246 546 1312 aegro
570 1231 604 1291 et
627 1227 725 1293 dubia
748 1228 871 1293 ceruice
895 1228 1035 1293 leuabat.

177 1318 323 1402 Agnouit
346 1317 486 1400 sonipes,
509 1316 708 1400 arrectisque
731 1317 863 1381 auribus
888 1338 995 1382 acrem

176 1405 350 1472 Hinnitum
374 1404 551 1488 effundens,
575 1405 691 1470 sternit
712 1403 829 1470 tellure
852 1404 1044 1491 Bagesum,¹

179 1494 282 1570 Quem
305 1498 375 1559 tum
400 1494 529 1578 captiuo
553 1493 709 1578 portabat
730 1493 766 1557 in
789 1494 922 1580 agmina
945 1493 1050 1559 dorso.
1137 1511 1193 1562 466
1287 1545 1288 1574 p

177 1583 273 1668 Hinc,
295 1582 445 1666 rapidum
468 1583 655 1667 glomerans
678 1603 823 1664 cursum,
845 1604 904 1665 per
927 1581 1053 1646 lubrica
1076 1583 1194 1669 pingui
1287 1641 1288 1666 p

180 1671 294 1737 Stante
317 1692 430 1737 cruore
454 1672 516 1736 soli
540 1675 572 1736 et
595 1671 737 1736 mulcata
760 1671 918 1735 cadauera
941 1671 1036 1736 caede

178 1761 301 1826 Euolat
324 1781 361 1824 ae
385 1759 507 1825 domini
530 1759 681 1824 consistit
703 1759 739 1822 in
762 1781 820 1823 ora
841 1759 987 1824 iacentis.

177 1848 266 1933 Inde,
288 1848 462 1914 inclinatus
486 1849 572 1914 colla
595 1852 628 1912 et
651 1847 831 1912 submissus
853 1847 889 1912 in
912 1855 1030 1931 armos,

179 1939 227 2002 De
251 1958 340 2002 more
363 1936 489 2002 inflexis
513 1936 690 2020 praebebat
713 1935 865 2001 scandere
888 1939 983 2022 terga
1140 1952 1196 2004 466

180 2025 335 2092 Oruribus
360 2045 397 2090 ac
420 2025 552 2110 proprio
577 2025 717 2108 quodam
739 2024 927 2110 trepidabat
949 2047 1068 2091 amore.

180 2113 286 2180 Milite
309 2135 376 2178 non
398 2113 458 2178 illo
483 2113 654 2198 quisquam
677 2112 803 2178 felicius
827 2114 894 2178 aeri

179 2203 359 2268 Insultarat
383 2223 474 2287 equo,
496 2201 551 2266 uel
575 2201 603 2264 si
625 2201 778 2286 resupina
801 2203 902 2268 citato

179 2291 347 2358 Proiectus
371 2291 467 2356 dorso
490 2290 629 2355 ferretur
652 2291 807 2373 membra,
830 2291 884 2355 uel
907 2291 994 2356 idem

181 2381 216 2446 Si
237 2381 325 2446 nudo
349 2383 451 2445 staret
474 2383 577 2465 tergo,
595 2379 673 2443 dum
696 2382 790 2461 rapta
812 2380 956 2444 uolucris
1140 2397 1197 2450 4⁷0

180 2469 394 2554 Transigeret
417 2490 512 2534 cursu
536 2466 665 2550 sonipes
690 2467 866 2532 certamina
889 2469 1004 2554 campi.

226 2559 270 2622 At
292 2557 403 2641 Libys,
424 2557 584 2622 humanos
608 2558 802 2639 aequantem
824 2560 957 2642 pectore
981 2579 1093 2622 sensus

180 2691 394 2701 .-——-—

256 2771 309 2822 464
324 2765 459 2820 confossis
472 2766 590 2834 pectora
602 2770 644 2817 LF
662 2764 799 2820 confossis
817 2767 932 2835 pectore
947 2771 990 2820 ov
1039 2771 1092 2821 466
1111 2765 1199 2823 exha-

184 2839 264 2892 labat
282 2844 319 2890 66
424 2842 478 2891 466
496 2837 637 2891 Murmure
661 2837 770 2892 (116666
789 2841 815 2892 et
832 2837 968 2892 1161661111
994 2836 1110 2892 Munere
1129 2843 1198 2890 s—

184 2909 310 2964 6611666
328 2907 436 2962 doelius
455 2923 524 2962 corr.
539 2924 573 2964 m.
588 2913 604 2962 1
619 2909 651 2962 iu
665 2907 802 2964 clodius!
821 2907 957 2962 clodelius
972 2913 1015 2960 ov
1030 2908 1075 2977 (T.
1086 2911 1197 2976 16243)

184 3013 218 3023 —
237 2981 331 3034 nisur
349 2977 413 3033 uisu
421 2983 486 3031 LOV
557 2983 610 3033 459
624 2977 774 3032 Hinnitum
784 2983 827 3032 0V
846 2977 1024 3033 Hinnitumr
1042 2979 1198 3033 InuitnmI.

183 3053 368 3121 -Bagesum
378 3054 481 3102 charo
500 3054 672 3120 uagssumv
714 3055 767 3104 460
784 3051 871 3104 tums
886 3051 954 3105 tunc
968 3051 1028 3106 edd.
1066 3055 1117 3105 461
1132 3050 1198 3120 pin·

184 3123 234 3192 gui
253 3127 290 3176 ch
431 3120 774 3176 acemanecestriae
796 3136 847 3176 scr.
872 3137 934 3175 cam
955 3121 1200 3176 Draclreatorclrio

180 3195 233 3264 (cf.
248 3211 276 3248 a.
291 3195 345 3248 505
360 3193 481 3247 16661616
494 3197 621 3262 corpora)
634 3192 773 3246 mulctata
787 3207 810 3245 6,
825 3189 907 3246 caedi
921 3196 1002 3244 0160
1021 3192 1143 3246 multata
1151 3197 1200 3245 Π

184 3263 279 3320 caedis
301 3264 346 3320 661
369 3263 493 3318 mactata
516 3262 596 3317 caedi
619 3263 754 3318 Heinsius
778 3262 849 3330 (coll.
870 3263 948 3332 Uerp.
967 3262 1036 3317 Aca.
1054 3263 1112 3318 XI.
1128 3267 1200 3332 197)

183 3334 328 3390 cumulata
346 3351 369 3390 c.
390 3335 477 3389 caede
500 3333 617 3406 Bentley
634 3339 660 3389 61
682 3333 823 3388 Baehrens
845 3331 978 3388 mutilata
998 3334 1079 3389 11616
1101 3349 1199 3389 macu-

184 3409 245 3462 lata
262 3407 347 3462 Blcss
418 3411 470 3460 463
488 3403 519 3458 in
537 3421 584 3460 ors
603 3404 739 3459 Heinsius
757 3404 794 3458 ad
812 3419 862 3457 ora
879 3405 1029 3460 Burmann
1082 3408 1137 3459 464
1153 3403 1200 3459 in-

184 3476 473 3534 clinatuscollaetch
513 3481 565 3532 466
575 3491 626 3546 pro
648 3473 736 3530 erico
750 3491 869 3544 propero
876 3474 968 3530 1361111
1008 3480 1060 3530 460
1075 3475 1200 3530 ferretur

184 3548 294 3606 (116666
305 3547 602 3619 aliiqueferretcums
620 3493 707 3601 lieret
716 3561 768 3600 sua
776 3545 925 3601 Burmann
970 3547 1150 3615 4766661666
1160 3552 1200 3600 06
