2596 4010
214 199 278 263 102
610 199 679 255 SILI
697 199 829 256 ITALICI

206 362 260 426 Ire
283 361 390 446 datur,
412 362 573 447 longeque
596 366 697 447 patet,
721 385 779 428 ceu
802 385 881 447 pace
904 364 1024 450 quieta,
1197 383 1234 434 40

205 449 454 534 Incustoditum,
478 473 553 516 mox
575 451 788 537 irremeabile,
811 453 899 518 litus.

203 538 354 622 Namque
377 541 437 604 sub
462 543 617 624 angustas
641 544 749 606 artato
773 541 877 606 limite
900 541 1011 606 fauces

174 683 177 688 ,
205 627 246 693 In
267 627 414 692 fraudem
437 627 575 693 ducebat
597 630 669 708 iter,
693 631 921 716 geminumque
945 630 1085 714 receptis

204 715 367 800 Exitium,
389 716 466 781 hinc
489 739 599 800 rupes,
622 717 698 782 hinc
720 718 826 782 undae
849 719 993 782 claustra
1016 719 1228 803 premebant.

204 805 252 871 At
275 809 352 870 ebra
375 805 528 870 umbroso
553 806 708 870 seruabat
729 807 852 871 uertice
876 806 998 871 montis
1194 826 1230 876 45

205 893 370 960 Hostilem
391 893 587 980 ingressum,
609 893 742 979 refugos
765 895 919 960 habitura
942 896 1003 960 sub
1027 896 1103 960 ictu.

203 981 301 1048 Haud
325 1003 416 1047 secus
440 1004 477 1047 ac
501 983 622 1047 uitreas
647 982 763 1047 sollers
787 984 930 1066 piscator
953 983 995 1048 ad
1017 984 1134 1068 undas,

204 1071 268 1136 Ore
292 1071 399 1135 leuem
421 1072 535 1153 patulo
558 1076 672 1136 texens
696 1071 735 1135 de
758 1071 880 1136 uimine
902 1093 1044 1156 naseam,

205 1158 340 1226 Cautius
364 1158 521 1224 interiora
544 1159 627 1245 ligat
650 1159 854 1245 mediamque
878 1182 936 1244 per
960 1161 1079 1245 aluum,

206 1247 333 1314 Sensim
357 1247 533 1334 castigans,
557 1270 743 1333 compressa
766 1249 934 1314 cacumina
955 1248 1058 1314 nectit
1192 1269 1228 1318 50

204 1337 254 1402 Ac
277 1336 390 1401 fraude
413 1337 512 1401 artati
535 1358 678 1401 remeare
702 1338 871 1402 foraminis
895 1341 985 1402 arcet

158 1499 162 1508 ¹
204 1425 348 1491 Introitu
371 1425 510 1510 facilem,
533 1447 628 1509 quem
651 1425 752 1490 traxit
776 1427 817 1490 ab
842 1447 991 1511 aequore,
1013 1427 1151 1510 piscem.

250 1513 348 1580 Ocius
371 1514 496 1578 interea
519 1514 660 1598 propelli
684 1514 779 1598 signa
801 1514 936 1579 iubebat

207 1602 374 1668 Excussus
398 1601 509 1665 consul
532 1601 675 1666 fatorum
698 1603 827 1667 turbine
851 1606 1004 1685 mentem,

203 1690 317 1755 Donec
339 1688 569 1753 flammiferum
593 1690 745 1754 tollentes
770 1712 910 1775 aequore
934 1713 1064 1757 currum
1195 1712 1231 1762 ab

204 1776 290 1844 Solis
314 1778 388 1861 equi
412 1799 558 1861 sparsere
582 1778 677 1842 diem.
701 1778 840 1863 iamque,
864 1780 942 1844 orbe
965 1785 1092 1865 renato,

203 1866 354 1932 Diluerat
376 1866 513 1930 nebulas
537 1865 644 1950 Titan,
668 1869 852 1954 sensimque
874 1868 999 1933 fluebat

205 1955 321 2042 Caligo
345 1953 379 2018 in
402 1959 506 2018 terras
529 1955 633 2020 nitido
656 1957 801 2022 resoluta
825 1979 947 2021 sereno.

204 2044 395 2126 Tunc'ales,
417 2045 561 2127 priscum
584 2044 714 2128 populis
739 2045 778 2109 de
801 2067 890 2110 more
913 2044 1041 2111 Latinis

206 2133 409 2218 Auspicium,
432 2153 506 2196 cum
529 2132 616 2198 bella
638 2137 758 2216 parant
781 2138 969 2218 mentesque
993 2134 1129 2198 deorum
1195 2156 1232 2204 60

205 2222 390 2307 Explorant
414 2243 511 2306 super
535 2225 662 2306 euentu,
685 2243 742 2287 eeu
766 2219 913 2306 praescia
935 2223 1053 2306 luctus,

203 2309 383 2376 Damnauit
406 2309 495 2375 uesci
518 2309 716 2395 planctuque
739 2310 897 2376 alimenta
920 2310 1052 2396 refugit.

204 2397 274 2465 Nec
297 2420 394 2464 rauco
418 2402 532 2463 taurus
557 2399 698 2463 cessauit
721 2399 829 2464 flebile
853 2399 894 2464 ad
917 2421 990 2464 aras

203 2488 381 2573 Immugire
405 2509 495 2572 sono,
519 2509 728 2572 pressamque
752 2488 794 2552 ad
817 2488 902 2553 colla
925 2488 1100 2573 bipennem

202 2577 333 2644 Incerta
356 2577 479 2642 ceruice
503 2575 619 2658 ferens,
643 2575 761 2641 altaria
784 2577 891 2660 liquit.

206 2665 307 2753 Signa
330 2667 429 2731 etiam
454 2665 558 2730 affusa
581 2669 709 2730 certant
731 2665 807 2729 dum
831 2666 949 2730 uellere
973 2665 1068 2749 mole,

204 2755 321 2820 Taeter
343 2755 443 2818 humo
467 2754 574 2818 lacera
596 2753 760 2818 nitentum
785 2755 892 2838 erupit
914 2753 950 2818 in
974 2775 1032 2818 ora

204 2830 367 2908 Exultans
392 2864 496 2924 cruor,
519 2845 553 2906 et
576 2843 682 2907 caedis
706 2842 900 2907 documenta
922 2841 1051 2907 futurae

204 2930 283 3016 Ipsa
305 2953 423 3016 parens
447 2930 576 2996 miseris
596 2931 720 3015 gremio
745 2931 834 2994 dedit
857 2934 929 2995 atra
953 2933 1101 3014 cruent03

274 3145 309 3194 40
327 3140 368 3194 sic
388 3140 506 3196 Martius
524 3141 579 3210 Ep.
600 3144 635 3194 59
654 3155 763 3195 uersam
781 3141 863 3194 inser.
986 3145 1020 3194 45
1039 3137 1078 3193 At
1097 3157 1170 3196 cura
1189 3148 1227 3195 ch

202 3214 241 3267 At
260 3227 327 3266 cura
345 3227 415 3266 eorr.
434 3211 466 3265 ia
484 3210 524 3263 Ac
544 3211 618 3266 circa
636 3215 657 3262 F
675 3211 720 3277 (Τ.
726 3228 757 3281 p.
773 3215 842 3278 230)
865 3208 907 3264 Ac
927 3209 1002 3265 circa
1019 3215 1083 3263 1.οἿ
1102 3209 1143 3265 At
1158 3229 1227 3268 con-

202 3285 248 3338 tra
273 3283 357 3352 culpo
388 3281 443 3335 Par
472 3297 539 3335 cura
565 3283 697 3337 Heinsius
730 3282 769 3336 At
795 3282 888 3336 castm
917 3281 1027 3336 Grorwo
1058 3280 1099 3334 At
1127 3283 1226 3338 turma

203 3355 342 3410 Schrader
445 3357 479 3406 50
498 3351 639 3421 castigans
657 3358 677 3404 Ι.
697 3354 748 3420 (sic
766 3353 835 3408 coni.
860 3353 978 3419 Withof)
999 3351 1140 3421 fastigans
1156 3359 1225 3407 rov

207 3431 241 3480 58
259 3422 386 3478 interris
405 3423 525 3492 Ruperti
587 3429 621 3477 60
639 3424 778 3490 parentI.
842 3429 874 3477 61
895 3424 1028 3477 euentum
1041 3427 1078 3475 ch
1130 3431 1167 3479 66
1182 3426 1224 3480 sf-

204 3496 268 3621 lpse
287 3501 303 3547 s
322 3495 408 3550 eflusa
427 3511 449 3549 c.
469 3495 527 3550 cod.
549 3492 613 3548 Tell.
628 3494 713 3549 Blass
731 3495 834 3563 otiique
852 3493 953 3549 effossa
971 3494 1108 3549 Schrader
1126 3501 1152 3550 et
1166 3513 1225 3552 van

232 3583 280 3622 een
415 3606 417 3611 -
