<?xml version="1.0" encoding="UTF-8"?>
<!DOCTYPE html PUBLIC "-//W3C//DTD XHTML 1.0 Transitional//EN"
    "http://www.w3.org/TR/xhtml1/DTD/xhtml1-transitional.dtd">
<html xmlns="http://www.w3.org/1999/xhtml" xml:lang="en" lang="en">
 <head>
  <title>
</title>
<meta http-equiv="Content-Type" content="text/html;charset=utf-8" />
  <meta name='ocr-system' content='tesseract 3.04.00' />
  <meta name='ocr-capabilities' content='ocr_page ocr_carea ocr_par ocr_line ocrx_word'/>
</head>
<body>
  <div class='ocr_page' id='page_1' title='image "./siliitalicipuni01italgoog_0081.png"; bbox 0 0 2632 4016; ppageno 0'>
   <div class='ocr_carea' id='block_1_1' title="bbox 91 189 804 272">
    <p class='ocr_par' dir='ltr' id='par_1_1' title="bbox 91 189 804 272">
     <span class='ocr_line' id='line_1_1' title="bbox 91 189 804 272; baseline -0.003 -27"><span class='ocrx_word' id='word_1_1' title='bbox 91 266 96 272; x_wconf 89' lang='lat'>.</span> <span class='ocrx_word' id='word_1_2' title='bbox 183 191 227 256; x_wconf 84' lang='lat'><strong>60</strong></span> <span class='ocrx_word' id='word_1_3' title='bbox 585 191 653 244; x_wconf 82' lang='lat' dir='ltr'><strong>sni</strong></span> <span class='ocrx_word' id='word_1_4' title='bbox 670 189 804 245; x_wconf 78' lang='lat' dir='ltr'><strong>namur</strong></span> 
     </span>
    </p>
   </div>
   <div class='ocr_carea' id='block_1_2' title="bbox 176 351 1201 2379">
    <p class='ocr_par' dir='ltr' id='par_1_2' title="bbox 176 351 1201 614">
     <span class='ocr_line' id='line_1_2' title="bbox 176 351 1013 437; baseline -0.004 -19"><span class='ocrx_word' id='word_1_5' title='bbox 176 354 331 419; x_wconf 91' lang='lat' dir='ltr'><strong>Imbelles</strong></span> <span class='ocrx_word' id='word_1_6' title='bbox 355 355 421 418; x_wconf 91' lang='lat' dir='ltr'><strong>iam</strong></span> <span class='ocrx_word' id='word_1_7' title='bbox 445 353 567 417; x_wconf 92' lang='lat' dir='ltr'><strong>dudum</strong></span> <span class='ocrx_word' id='word_1_8' title='bbox 590 375 692 418; x_wconf 89' lang='lat' dir='ltr'><strong>annos</strong></span> <span class='ocrx_word' id='word_1_9' title='bbox 715 356 919 437; x_wconf 88' lang='lat' dir='ltr'><strong>praeuertere</strong></span> <span class='ocrx_word' id='word_1_10' title='bbox 942 351 1013 416; x_wconf 86' lang='lat' dir='ltr'><strong>fato</strong></span> 
     </span>
     <span class='ocr_line' id='line_1_3' title="bbox 178 440 1201 526; baseline -0.001 -19"><span class='ocrx_word' id='word_1_11' title='bbox 178 441 248 507; x_wconf 87' lang='lat' dir='ltr'><strong>Neo</strong></span> <span class='ocrx_word' id='word_1_12' title='bbox 270 442 374 507; x_wconf 91' lang='lat' dir='ltr'><strong>uitam</strong></span> <span class='ocrx_word' id='word_1_13' title='bbox 394 443 463 506; x_wconf 90' lang='lat' dir='ltr'><strong>sine</strong></span> <span class='ocrx_word' id='word_1_14' title='bbox 482 441 588 506; x_wconf 89' lang='lat' dir='ltr'><strong>Marte</strong></span> <span class='ocrx_word' id='word_1_15' title='bbox 607 443 685 525; x_wconf 90' lang='lat' dir='ltr'><strong>pati.</strong></span> <span class='ocrx_word' id='word_1_16' title='bbox 705 441 824 526; x_wconf 85' lang='lat' dir='ltr'>quippe</span> <span class='ocrx_word' id='word_1_17' title='bbox 843 441 949 506; x_wconf 91' lang='lat' dir='ltr'><strong>omnis</strong></span> <span class='ocrx_word' id='word_1_18' title='bbox 968 441 1003 504; x_wconf 94' lang='lat' dir='ltr'><strong>in</strong></span> <span class='ocrx_word' id='word_1_19' title='bbox 1022 440 1123 505; x_wconf 91' lang='lat' dir='ltr'><strong>armis</strong></span> <span class='ocrx_word' id='word_1_20' title='bbox 1144 457 1201 506; x_wconf 92' lang='grc'><strong>330</strong></span> 
     </span>
     <span class='ocr_line' id='line_1_4' title="bbox 180 530 1000 614; baseline -0.002 -19"><span class='ocrx_word' id='word_1_21' title='bbox 180 531 276 595; x_wconf 90' lang='lat' dir='ltr'><strong>Lucis</strong></span> <span class='ocrx_word' id='word_1_22' title='bbox 300 553 397 596; x_wconf 89' lang='lat' dir='ltr'><strong>causa</strong></span> <span class='ocrx_word' id='word_1_23' title='bbox 420 531 493 614; x_wconf 85' lang='lat' dir='ltr'><strong>sita,</strong></span> <span class='ocrx_word' id='word_1_24' title='bbox 516 536 549 594; x_wconf 91' lang='lat' dir='ltr'><strong>et</strong></span> <span class='ocrx_word' id='word_1_25' title='bbox 572 531 763 594; x_wconf 87' lang='lat' dir='ltr'><strong>damnatum</strong></span> <span class='ocrx_word' id='word_1_26' title='bbox 786 531 895 594; x_wconf 91' lang='lat' dir='ltr'><strong>uiuere</strong></span> <span class='ocrx_word' id='word_1_27' title='bbox 919 530 1000 614; x_wconf 91' lang='lat' dir='ltr'><strong>paci.</strong></span> 
     </span>
    </p>

    <p class='ocr_par' dir='ltr' id='par_1_3' title="bbox 223 617 1101 703">
     <span class='ocr_line' id='line_1_5' title="bbox 223 617 1101 703; baseline -0.003 -19"><span class='ocrx_word' id='word_1_28' title='bbox 223 618 325 684; x_wconf 92' lang='lat' dir='ltr'><strong>Uenit</strong></span> <span class='ocrx_word' id='word_1_29' title='bbox 349 623 390 703; x_wconf 89' lang='lat' dir='ltr'><strong>et,</strong></span> <span class='ocrx_word' id='word_1_30' title='bbox 414 619 561 684; x_wconf 82' lang='lat' dir='ltr'><strong>Aurorae</strong></span> <span class='ocrx_word' id='word_1_31' title='bbox 583 619 726 683; x_wconf 80' lang='lat' dir='ltr'><strong>lacrimis</strong></span> <span class='ocrx_word' id='word_1_32' title='bbox 750 618 909 702; x_wconf 83' lang='lat' dir='ltr'><strong>perfusus,</strong></span> <span class='ocrx_word' id='word_1_33' title='bbox 931 618 966 681; x_wconf 92' lang='lat' dir='ltr'><strong>in</strong></span> <span class='ocrx_word' id='word_1_34' title='bbox 989 617 1101 682; x_wconf 90' lang='lat' dir='ltr'><strong>orbem</strong></span> 
     </span>
    </p>

    <p class='ocr_par' dir='ltr' id='par_1_4' title="bbox 180 707 961 791">
     <span class='ocr_line' id='line_1_6' title="bbox 180 707 961 791; baseline -0.001 -20"><span class='ocrx_word' id='word_1_35' title='bbox 180 707 363 790; x_wconf 88' lang='lat' dir='ltr'><strong>Diuersum,</strong></span> <span class='ocrx_word' id='word_1_36' title='bbox 387 708 512 790; x_wconf 90' lang='lat' dir='ltr'><strong>patrias</strong></span> <span class='ocrx_word' id='word_1_37' title='bbox 535 707 622 791; x_wconf 86' lang='lat' dir='ltr'><strong>fugit</strong></span> <span class='ocrx_word' id='word_1_38' title='bbox 645 729 718 771; x_wconf 92' lang='lat' dir='ltr'><strong>cum</strong></span> <span class='ocrx_word' id='word_1_39' title='bbox 742 707 854 770; x_wconf 86' lang='lat' dir='ltr'><strong>deuius</strong></span> <span class='ocrx_word' id='word_1_40' title='bbox 878 728 961 791; x_wconf 87' lang='lat' dir='ltr'><strong>oras,</strong></span> 
     </span>
    </p>

    <p class='ocr_par' dir='ltr' id='par_1_5' title="bbox 179 794 950 880">
     <span class='ocr_line' id='line_1_7' title="bbox 179 794 950 880; baseline 0.001 -21"><span class='ocrx_word' id='word_1_41' title='bbox 179 795 333 880; x_wconf 83' lang='lat' dir='ltr'><strong>Armiger</strong></span> <span class='ocrx_word' id='word_1_42' title='bbox 355 795 420 860; x_wconf 82' lang='lat' dir='ltr'><strong>Eoi</strong></span> <span class='ocrx_word' id='word_1_43' title='bbox 442 817 508 860; x_wconf 92' lang='lat' dir='ltr'><strong>non</strong></span> <span class='ocrx_word' id='word_1_44' title='bbox 531 795 610 859; x_wconf 83' lang='lat' dir='ltr'><strong>felix</strong></span> <span class='ocrx_word' id='word_1_45' title='bbox 633 795 816 860; x_wconf 87' lang='lat' dir='ltr'><strong>Memnonis</strong></span> <span class='ocrx_word' id='word_1_46' title='bbox 840 794 950 878; x_wconf 87' lang='lat' dir='ltr'><strong>Astyr.</strong></span> 
     </span>
    </p>

    <p class='ocr_par' dir='ltr' id='par_1_6' title="bbox 178 882 1200 1056">
     <span class='ocr_line' id='line_1_8' title="bbox 178 882 1200 968; baseline -0.002 -20"><span class='ocrx_word' id='word_1_47' title='bbox 178 883 240 948; x_wconf 91' lang='lat' dir='ltr'><strong>His</strong></span> <span class='ocrx_word' id='word_1_48' title='bbox 263 906 384 968; x_wconf 90' lang='lat' dir='ltr'><strong>paruus</strong></span> <span class='ocrx_word' id='word_1_49' title='bbox 408 885 537 966; x_wconf 92' lang='lat' dir='ltr'><strong>sonipes</strong></span> <span class='ocrx_word' id='word_1_50' title='bbox 560 905 620 947; x_wconf 91' lang='lat' dir='ltr'><strong>nec</strong></span> <span class='ocrx_word' id='word_1_51' title='bbox 642 883 743 947; x_wconf 89' lang='lat' dir='ltr'><strong>Marti</strong></span> <span class='ocrx_word' id='word_1_52' title='bbox 765 887 877 967; x_wconf 82' lang='lat' dir='ltr'><strong>notus3</strong></span> <span class='ocrx_word' id='word_1_53' title='bbox 901 889 936 948; x_wconf 88' lang='lat' dir='ltr'><strong>at</strong></span> <span class='ocrx_word' id='word_1_54' title='bbox 958 882 1045 946; x_wconf 91' lang='lat' dir='ltr'><strong>idem</strong></span> <span class='ocrx_word' id='word_1_55' title='bbox 1143 897 1200 946; x_wconf 82' lang='lat'><strong>335</strong></span> 
     </span>
     <span class='ocr_line' id='line_1_9' title="bbox 179 971 939 1056; baseline 0 -20"><span class='ocrx_word' id='word_1_56' title='bbox 179 972 248 1036; x_wconf 91' lang='lat' dir='ltr'><strong>Aut</strong></span> <span class='ocrx_word' id='word_1_57' title='bbox 270 975 461 1037; x_wconf 87' lang='lat' dir='ltr'><strong>inconcusso</strong></span> <span class='ocrx_word' id='word_1_58' title='bbox 485 973 648 1056; x_wconf 75' lang='lat' dir='ltr'><strong>glomerat</strong></span> <span class='ocrx_word' id='word_1_59' title='bbox 669 971 811 1056; x_wconf 88' lang='lat' dir='ltr'><strong>uestigia</strong></span> <span class='ocrx_word' id='word_1_60' title='bbox 834 972 939 1054; x_wconf 79' lang='lat' dir='ltr'><strong>dorm,</strong></span> 
     </span>
    </p>

    <p class='ocr_par' dir='ltr' id='par_1_7' title="bbox 179 1059 976 1144">
     <span class='ocr_line' id='line_1_10' title="bbox 179 1059 976 1144; baseline 0.003 -20"><span class='ocrx_word' id='word_1_61' title='bbox 179 1063 248 1124; x_wconf 91' lang='lat' dir='ltr'><strong>Aut</strong></span> <span class='ocrx_word' id='word_1_62' title='bbox 270 1061 363 1125; x_wconf 89' lang='lat' dir='ltr'><strong>molli</strong></span> <span class='ocrx_word' id='word_1_63' title='bbox 386 1064 504 1144; x_wconf 86' lang='lat' dir='ltr'><strong>pacata</strong></span> <span class='ocrx_word' id='word_1_64' title='bbox 527 1061 612 1125; x_wconf 89' lang='lat' dir='ltr'><strong>celer</strong></span> <span class='ocrx_word' id='word_1_65' title='bbox 635 1060 723 1144; x_wconf 89' lang='lat' dir='ltr'><strong>rapit</strong></span> <span class='ocrx_word' id='word_1_66' title='bbox 746 1060 859 1124; x_wconf 89' lang='lat' dir='ltr'><strong>esseda</strong></span> <span class='ocrx_word' id='word_1_67' title='bbox 882 1059 976 1126; x_wconf 87' lang='lat' dir='ltr'><strong>collo.</strong></span> 
     </span>
    </p>

    <p class='ocr_par' dir='ltr' id='par_1_8' title="bbox 181 1145 973 1234">
     <span class='ocr_line' id='line_1_11' title="bbox 181 1145 973 1234; baseline -0.003 -21"><span class='ocrx_word' id='word_1_68' title='bbox 181 1149 311 1232; x_wconf 83' lang='lat' dir='ltr'>Cydnus</span> <span class='ocrx_word' id='word_1_69' title='bbox 336 1150 414 1234; x_wconf 86' lang='lat' dir='ltr'><strong>agit,</strong></span> <span class='ocrx_word' id='word_1_70' title='bbox 436 1145 514 1233; x_wconf 81' lang='lat' dir='ltr'><strong>iuga</strong></span> <span class='ocrx_word' id='word_1_71' title='bbox 537 1149 680 1232; x_wconf 91' lang='lat' dir='ltr'><strong>Pyrenes</strong></span> <span class='ocrx_word' id='word_1_72' title='bbox 703 1149 875 1212; x_wconf 89' lang='lat' dir='ltr'><strong>uenatibus</strong></span> <span class='ocrx_word' id='word_1_73' title='bbox 899 1169 973 1213; x_wconf 89' lang='lat' dir='ltr'><strong>acer</strong></span> 
     </span>
    </p>

    <p class='ocr_par' dir='ltr' id='par_1_9' title="bbox 180 1235 951 1321">
     <span class='ocr_line' id='line_1_12' title="bbox 180 1235 951 1321; baseline 0 -20"><span class='ocrx_word' id='word_1_74' title='bbox 180 1236 292 1301; x_wconf 91' lang='lat' dir='ltr'><strong>Metiri</strong></span> <span class='ocrx_word' id='word_1_75' title='bbox 314 1238 461 1302; x_wconf 85' lang='lat' dir='ltr'><strong>iaculoue</strong></span> <span class='ocrx_word' id='word_1_76' title='bbox 486 1237 657 1301; x_wconf 85' lang='lat' dir='ltr'><strong>extendere</strong></span> <span class='ocrx_word' id='word_1_77' title='bbox 679 1237 804 1321; x_wconf 91' lang='lat' dir='ltr'><strong>proelia</strong></span> <span class='ocrx_word' id='word_1_78' title='bbox 826 1235 951 1301; x_wconf 87' lang='lat' dir='ltr'><strong>Mauro.</strong></span> 
     </span>
    </p>

    <p class='ocr_par' dir='ltr' id='par_1_10' title="bbox 181 1323 1200 1674">
     <span class='ocr_line' id='line_1_13' title="bbox 226 1323 1200 1390; baseline -0.001 -1"><span class='ocrx_word' id='word_1_79' title='bbox 226 1323 354 1390; x_wconf 85' lang='lat' dir='ltr'><strong>Uenere</strong></span> <span class='ocrx_word' id='word_1_80' title='bbox 379 1329 411 1389; x_wconf 91' lang='lat' dir='ltr'><strong>et</strong></span> <span class='ocrx_word' id='word_1_81' title='bbox 435 1324 546 1390; x_wconf 91' lang='lat' dir='ltr'><strong>Celtae</strong></span> <span class='ocrx_word' id='word_1_82' title='bbox 571 1325 688 1390; x_wconf 89' lang='lat' dir='ltr'><strong>sociati</strong></span> <span class='ocrx_word' id='word_1_83' title='bbox 709 1346 827 1390; x_wconf 91' lang='lat' dir='ltr'><strong>nomen</strong></span> <span class='ocrx_word' id='word_1_84' title='bbox 848 1324 990 1390; x_wconf 87' lang='lat' dir='ltr'><strong>Hiberis.</strong></span> <span class='ocrx_word' id='word_1_85' title='bbox 1144 1339 1200 1388; x_wconf 83' lang='grc'><strong>340</strong></span> 
     </span>
     <span class='ocr_line' id='line_1_14' title="bbox 181 1411 1048 1498; baseline -0.001 -22"><span class='ocrx_word' id='word_1_86' title='bbox 181 1412 243 1476; x_wconf 93' lang='lat' dir='ltr'><strong>His</strong></span> <span class='ocrx_word' id='word_1_87' title='bbox 267 1435 377 1498; x_wconf 92' lang='lat' dir='ltr'><strong>pugna</strong></span> <span class='ocrx_word' id='word_1_88' title='bbox 401 1413 554 1478; x_wconf 90' lang='lat' dir='ltr'><strong>cecidisse</strong></span> <span class='ocrx_word' id='word_1_89' title='bbox 578 1414 683 1491; x_wconf 90' lang='lat' dir='ltr'><strong>decus,</strong></span> <span class='ocrx_word' id='word_1_90' title='bbox 707 1434 887 1497; x_wconf 84' lang='lat' dir='ltr'><strong>corpusque</strong></span> <span class='ocrx_word' id='word_1_91' title='bbox 911 1411 1048 1477; x_wconf 90' lang='lat' dir='ltr'><strong>cremari</strong></span> 
     </span>
     <span class='ocr_line' id='line_1_15' title="bbox 184 1500 1021 1585; baseline 0 -21"><span class='ocrx_word' id='word_1_92' title='bbox 184 1500 265 1566; x_wconf 84' lang='lat' dir='ltr'><strong>Tale</strong></span> <span class='ocrx_word' id='word_1_93' title='bbox 287 1503 389 1566; x_wconf 89' lang='lat' dir='ltr'><strong>nefas.</strong></span> <span class='ocrx_word' id='word_1_94' title='bbox 412 1502 503 1566; x_wconf 88' lang='lat' dir='ltr'><strong>caelo</strong></span> <span class='ocrx_word' id='word_1_95' title='bbox 527 1502 662 1565; x_wconf 91' lang='lat' dir='ltr'><strong>credunt</strong></span> <span class='ocrx_word' id='word_1_96' title='bbox 686 1501 876 1584; x_wconf 85' lang='lat' dir='ltr'><strong>superisque</strong></span> <span class='ocrx_word' id='word_1_97' title='bbox 898 1500 1021 1585; x_wconf 88' lang='lat' dir='ltr'><strong>referri,</strong></span> 
     </span>
     <span class='ocr_line' id='line_1_16' title="bbox 181 1589 1007 1674; baseline 0 -21"><span class='ocrx_word' id='word_1_98' title='bbox 181 1589 345 1674; x_wconf 78' lang='lat' dir='ltr'><strong>Impastus</strong></span> <span class='ocrx_word' id='word_1_99' title='bbox 370 1594 483 1673; x_wconf 91' lang='lat' dir='ltr'><strong>carpat</strong></span> <span class='ocrx_word' id='word_1_100' title='bbox 505 1589 534 1652; x_wconf 93' lang='lat' dir='ltr'><strong>si</strong></span> <span class='ocrx_word' id='word_1_101' title='bbox 556 1590 703 1653; x_wconf 88' lang='lat' dir='ltr'><strong>membra</strong></span> <span class='ocrx_word' id='word_1_102' title='bbox 725 1590 864 1653; x_wconf 90' lang='lat' dir='ltr'><strong>iacentia</strong></span> <span class='ocrx_word' id='word_1_103' title='bbox 886 1589 1007 1654; x_wconf 87' lang='lat' dir='ltr'><strong>uultur.</strong></span> 
     </span>
    </p>

    <p class='ocr_par' dir='ltr' id='par_1_11' title="bbox 180 1677 1201 2026">
     <span class='ocr_line' id='line_1_17' title="bbox 226 1677 1048 1762; baseline -0.001 -21"><span class='ocrx_word' id='word_1_104' title='bbox 226 1677 396 1742; x_wconf 83' lang='lat' dir='ltr'><strong>Fibrarum</strong></span> <span class='ocrx_word' id='word_1_105' title='bbox 421 1681 455 1740; x_wconf 85' lang='lat' dir='ltr'><strong>et</strong></span> <span class='ocrx_word' id='word_1_106' title='bbox 477 1699 603 1760; x_wconf 87' lang='lat' dir='ltr'><strong>pennae</strong></span> <span class='ocrx_word' id='word_1_107' title='bbox 627 1677 874 1760; x_wconf 89' lang='lat' dir='ltr'><strong>diuinarumque</strong></span> <span class='ocrx_word' id='word_1_108' title='bbox 899 1699 1048 1762; x_wconf 84' lang='lat' dir='ltr'><strong>sagacem</strong></span> 
     </span>
     <span class='ocr_line' id='line_1_18' title="bbox 181 1763 1201 1850; baseline -0.001 -21"><span class='ocrx_word' id='word_1_109' title='bbox 181 1765 407 1829; x_wconf 87' lang='lat' dir='ltr'><strong>Flammarum</strong></span> <span class='ocrx_word' id='word_1_110' title='bbox 430 1766 522 1829; x_wconf 90' lang='lat' dir='ltr'><strong>misit</strong></span> <span class='ocrx_word' id='word_1_111' title='bbox 545 1765 635 1830; x_wconf 93' lang='lat' dir='ltr'><strong>diues</strong></span> <span class='ocrx_word' id='word_1_112' title='bbox 660 1763 823 1830; x_wconf 89' lang='lat' dir='ltr'><strong>Callaecia</strong></span> <span class='ocrx_word' id='word_1_113' title='bbox 845 1767 973 1850; x_wconf 83' lang='lat' dir='ltr'><strong>pubem,</strong></span> <span class='ocrx_word' id='word_1_114' title='bbox 1144 1780 1201 1828; x_wconf 83' lang='lat'><strong>345</strong></span> 
     </span>
     <span class='ocr_line' id='line_1_19' title="bbox 182 1852 1105 1938; baseline -0.001 -22"><span class='ocrx_word' id='word_1_115' title='bbox 182 1853 329 1918; x_wconf 81' lang='lat' dir='ltr'><strong>Barbara</strong></span> <span class='ocrx_word' id='word_1_116' title='bbox 351 1875 437 1917; x_wconf 89' lang='lat' dir='ltr'><strong>nunc</strong></span> <span class='ocrx_word' id='word_1_117' title='bbox 459 1854 577 1938; x_wconf 89' lang='lat' dir='ltr'><strong>patriis</strong></span> <span class='ocrx_word' id='word_1_118' title='bbox 600 1854 782 1918; x_wconf 81' lang='lat' dir='ltr'><strong>ululantem</strong></span> <span class='ocrx_word' id='word_1_119' title='bbox 806 1855 952 1918; x_wconf 90' lang='lat' dir='ltr'><strong>carmina</strong></span> <span class='ocrx_word' id='word_1_120' title='bbox 974 1852 1105 1938; x_wconf 83' lang='lat' dir='ltr'><strong>linguis,</strong></span> 
     </span>
     <span class='ocr_line' id='line_1_20' title="bbox 180 1940 1003 2026; baseline 0 -20"><span class='ocrx_word' id='word_1_121' title='bbox 180 1940 285 2026; x_wconf 85' lang='lat' dir='ltr'><strong>Nunc,</strong></span> <span class='ocrx_word' id='word_1_122' title='bbox 308 1941 399 2026; x_wconf 91' lang='lat' dir='ltr'><strong>pedis</strong></span> <span class='ocrx_word' id='word_1_123' title='bbox 424 1943 548 2006; x_wconf 88' lang='lat' dir='ltr'><strong>alterno</strong></span> <span class='ocrx_word' id='word_1_124' title='bbox 572 1963 725 2025; x_wconf 87' lang='lat' dir='ltr'><strong>percussa</strong></span> <span class='ocrx_word' id='word_1_125' title='bbox 748 1941 883 2006; x_wconf 89' lang='lat' dir='ltr'><strong>uerbere</strong></span> <span class='ocrx_word' id='word_1_126' title='bbox 906 1945 1003 2026; x_wconf 89' lang='lat' dir='ltr'><strong>terra,</strong></span> 
     </span>
    </p>

    <p class='ocr_par' dir='ltr' id='par_1_12' title="bbox 181 2030 1201 2379">
     <span class='ocr_line' id='line_1_21' title="bbox 181 2030 1138 2114; baseline -0.003 -20"><span class='ocrx_word' id='word_1_127' title='bbox 181 2030 234 2094; x_wconf 92' lang='lat' dir='ltr'><strong>Ad</strong></span> <span class='ocrx_word' id='word_1_128' title='bbox 256 2052 426 2094; x_wconf 89' lang='lat' dir='ltr'><strong>numerum</strong></span> <span class='ocrx_word' id='word_1_129' title='bbox 449 2051 583 2094; x_wconf 88' lang='lat' dir='ltr'><strong>resonas</strong></span> <span class='ocrx_word' id='word_1_130' title='bbox 608 2030 804 2114; x_wconf 82' lang='lat' dir='ltr'><strong>gaudentem</strong></span> <span class='ocrx_word' id='word_1_131' title='bbox 827 2030 979 2113; x_wconf 89' lang='lat' dir='ltr'><strong>plaudere</strong></span> <span class='ocrx_word' id='word_1_132' title='bbox 1002 2031 1138 2094; x_wconf 85' lang='lat' dir='ltr'><strong>caetras.</strong></span> 
     </span>
     <span class='ocr_line' id='line_1_22' title="bbox 183 2117 1084 2202; baseline 0.001 -21"><span class='ocrx_word' id='word_1_133' title='bbox 183 2117 273 2182; x_wconf 92' lang='lat' dir='ltr'><strong>Haec</strong></span> <span class='ocrx_word' id='word_1_134' title='bbox 296 2119 423 2202; x_wconf 90' lang='lat' dir='ltr'><strong>requies</strong></span> <span class='ocrx_word' id='word_1_135' title='bbox 446 2118 606 2201; x_wconf 90' lang='lat' dir='ltr'><strong>ludusque</strong></span> <span class='ocrx_word' id='word_1_136' title='bbox 630 2117 720 2202; x_wconf 82' lang='lat' dir='ltr'><strong>uiris,</strong></span> <span class='ocrx_word' id='word_1_137' title='bbox 743 2139 782 2182; x_wconf 89' lang='lat' dir='ltr'><strong>ea</strong></span> <span class='ocrx_word' id='word_1_138' title='bbox 805 2139 898 2182; x_wconf 89' lang='lat' dir='ltr'><strong>sacra</strong></span> <span class='ocrx_word' id='word_1_139' title='bbox 921 2119 1084 2202; x_wconf 89' lang='lat' dir='ltr'><strong>uoluptas.</strong></span> 
     </span>
     <span class='ocr_line' id='line_1_23' title="bbox 183 2205 1201 2290; baseline 0 -20"><span class='ocrx_word' id='word_1_140' title='bbox 183 2205 299 2271; x_wconf 86' lang='lat' dir='ltr'><strong>Cetera</strong></span> <span class='ocrx_word' id='word_1_141' title='bbox 320 2206 478 2270; x_wconf 86' lang='lat' dir='ltr'><strong>femineus</strong></span> <span class='ocrx_word' id='word_1_142' title='bbox 502 2207 630 2290; x_wconf 88' lang='lat' dir='ltr'><strong>peragit</strong></span> <span class='ocrx_word' id='word_1_143' title='bbox 652 2207 758 2289; x_wconf 79' lang='lat' dir='ltr'><strong>labor3</strong></span> <span class='ocrx_word' id='word_1_144' title='bbox 782 2206 899 2270; x_wconf 88' lang='lat' dir='ltr'><strong>addere</strong></span> <span class='ocrx_word' id='word_1_145' title='bbox 923 2207 1011 2271; x_wconf 89' lang='lat' dir='ltr'><strong>sulco</strong></span> <span class='ocrx_word' id='word_1_146' title='bbox 1144 2222 1201 2270; x_wconf 80' lang='grc'><strong>300</strong></span> 
     </span>
     <span class='ocr_line' id='line_1_24' title="bbox 184 2293 1018 2379; baseline 0 -21"><span class='ocrx_word' id='word_1_147' title='bbox 184 2293 315 2359; x_wconf 80' lang='lat' dir='ltr'><strong>Semina</strong></span> <span class='ocrx_word' id='word_1_148' title='bbox 339 2299 371 2358; x_wconf 89' lang='lat' dir='ltr'><strong>et</strong></span> <span class='ocrx_word' id='word_1_149' title='bbox 393 2295 553 2379; x_wconf 88' lang='lat' dir='ltr'><strong>impresso</strong></span> <span class='ocrx_word' id='word_1_150' title='bbox 576 2295 725 2358; x_wconf 89' lang='lat' dir='ltr'><strong>tellurem</strong></span> <span class='ocrx_word' id='word_1_151' title='bbox 748 2301 875 2359; x_wconf 90' lang='lat' dir='ltr'><strong>uertere</strong></span> <span class='ocrx_word' id='word_1_152' title='bbox 899 2300 1018 2379; x_wconf 78' lang='lat' dir='ltr'><strong>aratro,</strong></span> 
     </span>
    </p>
   </div>
   <div class='ocr_carea' id='block_1_3' title="bbox 184 2381 1203 2819">
    <p class='ocr_par' dir='ltr' id='par_1_13' title="bbox 184 2381 1115 2556">
     <span class='ocr_line' id='line_1_25' title="bbox 184 2381 1115 2468; baseline -0.001 -22"><span class='ocrx_word' id='word_1_153' title='bbox 184 2381 290 2468; x_wconf 80' lang='lat' dir='ltr'><strong>Segne</strong></span> <span class='ocrx_word' id='word_1_154' title='bbox 310 2383 398 2447; x_wconf 90' lang='lat' dir='ltr'><strong>uiris.</strong></span> <span class='ocrx_word' id='word_1_155' title='bbox 422 2382 575 2467; x_wconf 90' lang='lat' dir='ltr'><strong>quicquid</strong></span> <span class='ocrx_word' id='word_1_156' title='bbox 598 2383 678 2447; x_wconf 91' lang='lat' dir='ltr'><strong>duro</strong></span> <span class='ocrx_word' id='word_1_157' title='bbox 703 2382 771 2447; x_wconf 89' lang='lat' dir='ltr'><strong>sine</strong></span> <span class='ocrx_word' id='word_1_158' title='bbox 794 2381 902 2448; x_wconf 90' lang='lat' dir='ltr'><strong>Marte</strong></span> <span class='ocrx_word' id='word_1_159' title='bbox 926 2381 1115 2468; x_wconf 88' lang='lat' dir='ltr'><strong>gerundum,</strong></span> 
     </span>
     <span class='ocr_line' id='line_1_26' title="bbox 185 2469 893 2556; baseline 0.001 -21"><span class='ocrx_word' id='word_1_160' title='bbox 185 2469 322 2536; x_wconf 78' lang='lat' dir='ltr'><strong>Callaici</strong></span> <span class='ocrx_word' id='word_1_161' title='bbox 345 2471 463 2537; x_wconf 83' lang='lat' dir='ltr'><strong>coniux</strong></span> <span class='ocrx_word' id='word_1_162' title='bbox 486 2472 556 2535; x_wconf 93' lang='lat' dir='ltr'><strong>obit</strong></span> <span class='ocrx_word' id='word_1_163' title='bbox 578 2470 755 2556; x_wconf 88' lang='lat' dir='ltr'><strong>irrequieta</strong></span> <span class='ocrx_word' id='word_1_164' title='bbox 776 2471 893 2536; x_wconf 89' lang='lat' dir='ltr'><strong>mariti.</strong></span> 
     </span>
    </p>

    <p class='ocr_par' dir='ltr' id='par_1_14' title="bbox 184 2558 977 2644">
     <span class='ocr_line' id='line_1_27' title="bbox 184 2558 977 2644; baseline 0 -20"><span class='ocrx_word' id='word_1_165' title='bbox 184 2558 255 2624; x_wconf 92' lang='lat' dir='ltr'><strong>Hos</strong></span> <span class='ocrx_word' id='word_1_166' title='bbox 278 2559 447 2624; x_wconf 91' lang='lat' dir='ltr'><strong>Uiriathus</strong></span> <span class='ocrx_word' id='word_1_167' title='bbox 471 2559 541 2644; x_wconf 91' lang='lat' dir='ltr'><strong>agit</strong></span> <span class='ocrx_word' id='word_1_168' title='bbox 565 2558 820 2642; x_wconf 87' lang='lat' dir='ltr'><strong>Lusitanumque</strong></span> <span class='ocrx_word' id='word_1_169' title='bbox 843 2561 977 2625; x_wconf 87' lang='lat' dir='ltr'><strong>remotis</strong></span> 
     </span>
    </p>

    <p class='ocr_par' dir='ltr' id='par_1_15' title="bbox 184 2647 1203 2819">
     <span class='ocr_line' id='line_1_28' title="bbox 184 2647 1203 2732; baseline 0.002 -22"><span class='ocrx_word' id='word_1_170' title='bbox 184 2647 379 2713; x_wconf 82' lang='lat' dir='ltr'><strong>Extractum</strong></span> <span class='ocrx_word' id='word_1_171' title='bbox 402 2648 525 2731; x_wconf 84' lang='lat' dir='ltr'><strong>lustris,</strong></span> <span class='ocrx_word' id='word_1_172' title='bbox 548 2649 654 2731; x_wconf 91' lang='lat' dir='ltr'><strong>primo</strong></span> <span class='ocrx_word' id='word_1_173' title='bbox 678 2647 849 2712; x_wconf 90' lang='lat' dir='ltr'><strong>Uiriathus</strong></span> <span class='ocrx_word' id='word_1_174' title='bbox 872 2648 906 2712; x_wconf 94' lang='lat' dir='ltr'><strong>in</strong></span> <span class='ocrx_word' id='word_1_175' title='bbox 929 2670 1019 2732; x_wconf 88' lang='lat' dir='ltr'><strong>aeu0,</strong></span> <span class='ocrx_word' id='word_1_176' title='bbox 1146 2663 1203 2712; x_wconf 81' lang='lat'><strong>355</strong></span> 
     </span>
     <span class='ocr_line' id='line_1_29' title="bbox 184 2734 1040 2819; baseline -0.001 -19"><span class='ocrx_word' id='word_1_177' title='bbox 184 2734 315 2800; x_wconf 88' lang='lat' dir='ltr'><strong>Nomen</strong></span> <span class='ocrx_word' id='word_1_178' title='bbox 337 2736 493 2802; x_wconf 85' lang='lat' dir='ltr'><strong>Romanis</strong></span> <span class='ocrx_word' id='word_1_179' title='bbox 517 2740 649 2819; x_wconf 86' lang='lat' dir='ltr'><strong>pactum</strong></span> <span class='ocrx_word' id='word_1_180' title='bbox 672 2758 748 2800; x_wconf 90' lang='lat' dir='ltr'><strong>mox</strong></span> <span class='ocrx_word' id='word_1_181' title='bbox 770 2736 880 2800; x_wconf 91' lang='lat' dir='ltr'><strong>nobile</strong></span> <span class='ocrx_word' id='word_1_182' title='bbox 904 2736 1040 2801; x_wconf 91' lang='lat' dir='ltr'><strong>damnis.</strong></span> 
     </span>
    </p>
   </div>
   <div class='ocr_carea' id='block_1_4' title="bbox 183 2979 1199 3616">
    <p class='ocr_par' dir='ltr' id='par_1_16' title="bbox 183 2979 1199 3616">
     <span class='ocr_line' id='line_1_30' title="bbox 260 2979 1199 3050; baseline 0 -16"><span class='ocrx_word' id='word_1_183' title='bbox 260 2986 311 3034; x_wconf 81' lang='grc'><strong>339</strong></span> <span class='ocrx_word' id='word_1_184' title='bbox 331 2981 390 3033; x_wconf 84' lang='lat' dir='ltr'><strong>fato</strong></span> <span class='ocrx_word' id='word_1_185' title='bbox 409 2981 525 3050; x_wconf 76' lang='lat' dir='ltr'><strong>Bentley</strong></span> <span class='ocrx_word' id='word_1_186' title='bbox 549 2997 615 3034; x_wconf 87' lang='lat' dir='ltr'><strong>saxo</strong></span> <span class='ocrx_word' id='word_1_187' title='bbox 631 2986 647 3032; x_wconf 78' lang='grc'><strong>3</strong></span> <span class='ocrx_word' id='word_1_188' title='bbox 666 2983 732 3035; x_wconf 83' lang='lat' dir='ltr'><strong>taxo</strong></span> <span class='ocrx_word' id='word_1_189' title='bbox 747 2981 866 3050; x_wconf 79' lang='lat' dir='ltr'><strong>Ruperti</strong></span> <span class='ocrx_word' id='word_1_190' title='bbox 937 2985 990 3035; x_wconf 84' lang='grc'><strong>335</strong></span> <span class='ocrx_word' id='word_1_191' title='bbox 1008 2981 1092 3034; x_wconf 81' lang='lat' dir='ltr'><strong>natus</strong></span> <span class='ocrx_word' id='word_1_192' title='bbox 1107 2979 1199 3034; x_wconf 80' lang='lat' dir='ltr'><strong>Heia·</strong></span> 
     </span>
     <span class='ocr_line' id='line_1_31' title="bbox 184 3048 1199 3120; baseline 0 -15"><span class='ocrx_word' id='word_1_193' title='bbox 184 3051 243 3105; x_wconf 72' lang='grc'><strong>00000</strong></span> <span class='ocrx_word' id='word_1_194' title='bbox 262 3081 296 3089; x_wconf 98' lang='grc'>-</span> <span class='ocrx_word' id='word_1_195' title='bbox 315 3055 345 3104; x_wconf 91' lang='lat' dir='ltr'><strong>at</strong></span> <span class='ocrx_word' id='word_1_196' title='bbox 363 3056 386 3102; x_wconf 84' lang='lat' dir='ltr'>V</span> <span class='ocrx_word' id='word_1_197' title='bbox 410 3067 442 3104; x_wconf 90' lang='lat' dir='ltr'><strong>ac</strong></span> <span class='ocrx_word' id='word_1_198' title='bbox 461 3057 522 3104; x_wconf 73' lang='lat' dir='ltr'><strong>hro</strong></span> <span class='ocrx_word' id='word_1_199' title='bbox 595 3058 647 3106; x_wconf 79' lang='grc'><strong>337</strong></span> <span class='ocrx_word' id='word_1_200' title='bbox 667 3052 797 3120; x_wconf 71' lang='grc'><strong>00010011</strong></span> <span class='ocrx_word' id='word_1_201' title='bbox 868 3058 920 3107; x_wconf 88' lang='grc'><strong>338</strong></span> <span class='ocrx_word' id='word_1_202' title='bbox 940 3051 1050 3120; x_wconf 79' lang='lat' dir='ltr'><strong>Cydnus</strong></span> <span class='ocrx_word' id='word_1_203' title='bbox 1069 3055 1106 3104; x_wconf 78' lang='lat' dir='ltr'><strong>ch</strong></span> <span class='ocrx_word' id='word_1_204' title='bbox 1133 3048 1199 3105; x_wconf 86' lang='lat' dir='ltr'><strong>Cid-</strong></span> 
     </span>
     <span class='ocr_line' id='line_1_32' title="bbox 185 3120 1198 3190; baseline 0.001 -16"><span class='ocrx_word' id='word_1_205' title='bbox 185 3139 237 3175; x_wconf 85' lang='lat' dir='ltr'><strong>nus</strong></span> <span class='ocrx_word' id='word_1_206' title='bbox 253 3127 316 3189; x_wconf 80' lang='lat' dir='ltr'><strong>post</strong></span> <span class='ocrx_word' id='word_1_207' title='bbox 332 3123 365 3174; x_wconf 77' lang='lat' dir='ltr'><strong>ia</strong></span> <span class='ocrx_word' id='word_1_208' title='bbox 383 3122 511 3176; x_wconf 75' lang='lat' dir='ltr'><strong>lucanam</strong></span> <span class='ocrx_word' id='word_1_209' title='bbox 533 3124 665 3178; x_wconf 75' lang='lat' dir='ltr'><strong>immam</strong></span> <span class='ocrx_word' id='word_1_210' title='bbox 682 3129 703 3174; x_wconf 79' lang='lat' dir='ltr'><strong>r</strong></span> <span class='ocrx_word' id='word_1_211' title='bbox 727 3123 772 3190; x_wconf 84' lang='lat' dir='ltr'><strong>(T.</strong></span> <span class='ocrx_word' id='word_1_212' title='bbox 784 3140 814 3190; x_wconf 81' lang='lat' dir='ltr'><strong>p.</strong></span> <span class='ocrx_word' id='word_1_213' title='bbox 827 3127 895 3190; x_wconf 81' lang='lat'><strong><em>233)</em></strong></span> <span class='ocrx_word' id='word_1_214' title='bbox 917 3121 1059 3176; x_wconf 80' lang='lat' dir='ltr'><strong>oidinisn</strong></span> <span class='ocrx_word' id='word_1_215' title='bbox 1086 3120 1198 3175; x_wconf 81' lang='lat' dir='ltr'><strong>Erduus</strong></span> 
     </span>
     <span class='ocr_line' id='line_1_33' title="bbox 185 3191 1198 3261; baseline 0.001 -17"><span class='ocrx_word' id='word_1_216' title='bbox 185 3197 227 3244; x_wconf 82' lang='lat' dir='ltr'><strong>ov</strong></span> <span class='ocrx_word' id='word_1_217' title='bbox 247 3191 292 3258; x_wconf 87' lang='lat' dir='ltr'><strong>(T.</strong></span> <span class='ocrx_word' id='word_1_218' title='bbox 304 3208 334 3259; x_wconf 83' lang='lat' dir='ltr'><strong>p.</strong></span> <span class='ocrx_word' id='word_1_219' title='bbox 349 3197 421 3255; x_wconf 75' lang='lat'><em>221)</em></span> <span class='ocrx_word' id='word_1_220' title='bbox 440 3192 548 3260; x_wconf 85' lang='lat' dir='ltr'><strong>Cycnus</strong></span> <span class='ocrx_word' id='word_1_221' title='bbox 562 3195 607 3248; x_wconf 80' lang='lat' dir='ltr'><strong>acl</strong></span> <span class='ocrx_word' id='word_1_222' title='bbox 626 3192 738 3261; x_wconf 80' lang='lat' dir='ltr'><strong>Cygnus</strong></span> <span class='ocrx_word' id='word_1_223' title='bbox 758 3193 949 3248; x_wconf 68' lang='lat' dir='ltr'><strong>schlichteieea</strong></span> <span class='ocrx_word' id='word_1_224' title='bbox 1044 3197 1097 3246; x_wconf 85' lang='grc'><strong>340</strong></span> <span class='ocrx_word' id='word_1_225' title='bbox 1107 3193 1198 3246; x_wconf 88' lang='lat' dir='ltr'><strong>socia-</strong></span> 
     </span>
     <span class='ocr_line' id='line_1_34' title="bbox 183 3261 1198 3334; baseline 0.001 -19"><span class='ocrx_word' id='word_1_226' title='bbox 183 3265 244 3316; x_wconf 89' lang='lat' dir='ltr'><strong>tum</strong></span> <span class='ocrx_word' id='word_1_227' title='bbox 269 3261 417 3332; x_wconf 79' lang='lat' dir='ltr'><strong>Wesseliup</strong></span> <span class='ocrx_word' id='word_1_228' title='bbox 436 3266 473 3316; x_wconf 83' lang='lat' dir='ltr'><strong>ad</strong></span> <span class='ocrx_word' id='word_1_229' title='bbox 492 3265 608 3318; x_wconf 80' lang='lat' dir='ltr'><strong>Diodor.</strong></span> <span class='ocrx_word' id='word_1_230' title='bbox 628 3268 691 3327; x_wconf 81' lang='grc'><strong>356,</strong></span> <span class='ocrx_word' id='word_1_231' title='bbox 701 3269 738 3318; x_wconf 87' lang='grc'><strong>18</strong></span> <span class='ocrx_word' id='word_1_232' title='bbox 755 3266 827 3333; x_wconf 81' lang='lat' dir='ltr'><strong>quod</strong></span> <span class='ocrx_word' id='word_1_233' title='bbox 841 3265 919 3334; x_wconf 78' lang='lat' dir='ltr'><strong>prob.</strong></span> <span class='ocrx_word' id='word_1_234' title='bbox 938 3264 1027 3318; x_wconf 77' lang='lat' dir='ltr'><strong>Bolbe</strong></span> <span class='ocrx_word' id='word_1_235' title='bbox 1081 3268 1131 3316; x_wconf 83' lang='grc'><strong>341</strong></span> <span class='ocrx_word' id='word_1_236' title='bbox 1152 3279 1198 3316; x_wconf 91' lang='lat' dir='ltr'><strong>ce-</strong></span> 
     </span>
     <span class='ocr_line' id='line_1_35' title="bbox 184 3331 1198 3400; baseline 0 -14"><span class='ocrx_word' id='word_1_237' title='bbox 184 3331 286 3386; x_wconf 88' lang='lat' dir='ltr'><strong>cidisse</strong></span> <span class='ocrx_word' id='word_1_238' title='bbox 296 3337 361 3385; x_wconf 76' lang='lat' dir='ltr'><strong>rov</strong></span> <span class='ocrx_word' id='word_1_239' title='bbox 379 3333 533 3388; x_wconf 77' lang='lat' dir='ltr'><strong>tendissel.</strong></span> <span class='ocrx_word' id='word_1_240' title='bbox 587 3333 718 3388; x_wconf 79' lang='grc'><strong>34311110</strong></span> <span class='ocrx_word' id='word_1_241' title='bbox 738 3333 1030 3400; x_wconf 78' lang='lat' dir='ltr'><strong>WithofetSchroder</strong></span> <span class='ocrx_word' id='word_1_242' title='bbox 1084 3339 1137 3387; x_wconf 82' lang='grc'><strong>300</strong></span> <span class='ocrx_word' id='word_1_243' title='bbox 1148 3334 1198 3387; x_wconf 85' lang='lat' dir='ltr'><strong>ab·</strong></span> 
     </span>
     <span class='ocr_line' id='line_1_36' title="bbox 184 3403 1198 3474; baseline 0.002 -18"><span class='ocrx_word' id='word_1_244' title='bbox 184 3405 250 3457; x_wconf 89' lang='lat' dir='ltr'><strong>dere</strong></span> <span class='ocrx_word' id='word_1_245' title='bbox 268 3404 416 3457; x_wconf 66' lang='grc'><strong>1001001000</strong></span> <span class='ocrx_word' id='word_1_246' title='bbox 470 3409 521 3458; x_wconf 79' lang='grc'><strong>333</strong></span> <span class='ocrx_word' id='word_1_247' title='bbox 541 3403 696 3473; x_wconf 83' lang='lat' dir='ltr'><strong>gerundum</strong></span> <span class='ocrx_word' id='word_1_248' title='bbox 712 3412 728 3458; x_wconf 78' lang='grc'><strong>0</strong></span> <span class='ocrx_word' id='word_1_249' title='bbox 747 3405 901 3474; x_wconf 84' lang='lat' dir='ltr'><strong>gerendum</strong></span> <span class='ocrx_word' id='word_1_250' title='bbox 919 3407 978 3461; x_wconf 82' lang='lat' dir='ltr'><strong>cdd.</strong></span> <span class='ocrx_word' id='word_1_251' title='bbox 1039 3409 1093 3459; x_wconf 78' lang='grc'><strong>304</strong></span> <span class='ocrx_word' id='word_1_252' title='bbox 1106 3403 1198 3458; x_wconf 84' lang='lat' dir='ltr'><strong>Uiria-</strong></span> 
     </span>
     <span class='ocr_line' id='line_1_37' title="bbox 184 3475 1198 3546; baseline 0.002 -20"><span class='ocrx_word' id='word_1_253' title='bbox 184 3475 250 3527; x_wconf 90' lang='lat' dir='ltr'><strong>thus</strong></span> <span class='ocrx_word' id='word_1_254' title='bbox 270 3479 306 3526; x_wconf 81' lang='lat' dir='ltr'><strong>Ch</strong></span> <span class='ocrx_word' id='word_1_255' title='bbox 324 3476 362 3528; x_wconf 83' lang='lat' dir='ltr'><strong>ad</strong></span> <span class='ocrx_word' id='word_1_256' title='bbox 382 3475 420 3527; x_wconf 90' lang='lat' dir='ltr'><strong>X.</strong></span> <span class='ocrx_word' id='word_1_257' title='bbox 439 3478 499 3529; x_wconf 77' lang='lat'><strong>220</strong></span> <span class='ocrx_word' id='word_1_258' title='bbox 517 3480 580 3529; x_wconf 77' lang='lat' dir='ltr'><strong>etr</strong></span> <span class='ocrx_word' id='word_1_259' title='bbox 608 3475 760 3529; x_wconf 82' lang='lat' dir='ltr'><strong>uiriatlhus</strong></span> <span class='ocrx_word' id='word_1_260' title='bbox 777 3481 842 3528; x_wconf 76' lang='grc'><strong>000</strong></span> <span class='ocrx_word' id='word_1_261' title='bbox 975 3481 1027 3531; x_wconf 81' lang='grc'><strong>306</strong></span> <span class='ocrx_word' id='word_1_262' title='bbox 1046 3477 1161 3546; x_wconf 86' lang='lat' dir='ltr'><strong>pactum</strong></span> <span class='ocrx_word' id='word_1_263' title='bbox 1181 3481 1198 3528; x_wconf 82' lang='grc'><strong>0</strong></span> 
     </span>
     <span class='ocr_line' id='line_1_38' title="bbox 185 3543 751 3616; baseline -0.002 -18"><span class='ocrx_word' id='word_1_264' title='bbox 185 3543 292 3599; x_wconf 86' lang='lat' dir='ltr'><strong>factum</strong></span> <span class='ocrx_word' id='word_1_265' title='bbox 310 3545 447 3616; x_wconf 72' lang='grc'><strong>00190-</strong></span> <span class='ocrx_word' id='word_1_266' title='bbox 467 3544 588 3614; x_wconf 88' lang='lat' dir='ltr'><strong>damnis]</strong></span> <span class='ocrx_word' id='word_1_267' title='bbox 608 3545 715 3598; x_wconf 87' lang='lat' dir='ltr'><strong>deunus</strong></span> <span class='ocrx_word' id='word_1_268' title='bbox 735 3552 751 3597; x_wconf 82' lang='grc'><strong>3</strong></span> 
     </span>
    </p>
   </div>
   <div class='ocr_carea' id='block_1_5' title="bbox 0 0 1329 4016">
    <p class='ocr_par' dir='ltr' id='par_1_17' title="bbox 0 0 1329 4016">
     <span class='ocr_line' id='line_1_39' title="bbox 0 0 1329 4016; baseline 0 0"><span class='ocrx_word' id='word_1_269' title='bbox 0 0 1329 4016; x_wconf 95' lang='lat' dir='ltr'><strong> </strong></span> 
     </span>
    </p>
   </div>
  </div>
 </body>
</html>
