2632 4014
167 136 231 202 198
562 132 632 188 elur
648 131 781 187 memor

165 297 244 363 ‘Per
267 295 410 380 totiens,'
433 295 547 381 inquit,
570 294 762 361 ‘concussae
785 294 915 360 moenia
938 293 1072 379 Romae,

163 386 290 470 Perque
312 385 383 468 has,
404 407 469 450 nox
489 383 605 470 Stygia
629 407 709 468 quas
732 385 797 447 iam
817 383 1032 448 circumuolat
1054 384 1183 466 umbra,

163 475 308 540 Insontie
332 475 468 557 animas,
490 473 574 537 cladi
597 494 692 556 parce
715 471 831 537 obuius
854 471 921 555 ire3
1145 487 1183 538 46

165 562 254 628 Dum
277 563 397 626 transit
419 562 531 626 diuum
553 561 653 644 furor,
676 566 710 625 et
732 561 934 626 consumitur
956 560 1006 624 ira

162 651 337 735 Fortunae,
359 672 465 716 nouus
489 649 695 732 Hannibalis,
719 652 780 731 sat,
802 648 937 712 nomina
960 647 1044 713 ferre

162 739 198 804 si
222 739 318 805 discit
341 739 433 804 miles
456 760 515 803 nee
538 738 677 822 frigidus
702 737 821 822 aspicit
843 737 982 802 hostem.

162 827 282 894 Nonne
304 827 405 910 uides,
428 849 499 892 oum
523 827 639 891 uicinis
664 826 794 890 auditur
817 825 852 889 in
875 827 973 909 aruis,
1144 841 1181 892 ⁶0

161 917 266 992 Quam
290 916 419 982 subitus
443 916 570 1000 linquat
591 915 749 999 pallentia
770 935 909 998 corpora
932 913 1088 999 sanguis?

86 1043 89 1050 ·
162 1005 330 1090 Quamque
353 1005 457 1069 fluant
475 1026 566 1068 arma
584 1008 659 1068 ante
677 1003 797 1068 tubas?
821 1007 990 1068 cunctator
1013 1007 1046 1067 et
1068 1023 1176 1088 aeger,

160 1093 209 1158 Ut
230 1115 310 1177 rere,
332 1093 367 1157 in
390 1115 516 1178 pugnas
539 1091 662 1156 Fabius
685 1113 905 1175 quoscumqne
928 1091 988 1156 sub
1011 1091 1079 1156 illis

161 1181 312 1266 Oulpatis
336 1181 428 1246 duxit
453 1182 565 1266 signis,
587 1203 672 1246 nuno
695 1202 787 1244 arma
809 1186 991 1264 capessunt,

161 1270 218 1355 Ae,
241 1292 322 1354 quos
345 1269 526 1335 Flaminius
549 1305 593 1316 -
617 1269 673 1333 sed
696 1268 767 1332 dira
790 1267 928 1333 auertite
952 1267 1028 1332 diui.
1142 1284 1178 1335 oo

163 1358 223 1424 Sin
245 1359 368 1424 nostris
392 1359 519 1422 animus
543 1357 677 1424 monitis
700 1357 912 1440 precibusque
935 1360 1107 1442 repugnat,

162 1446 268 1512 Aures
291 1447 396 1530 pande
420 1448 488 1512 deo.
511 1447 630 1512 cecinit
653 1445 797 1529 Cymaea
820 1466 878 1528 per
902 1445 1013 1509 orbem

161 1533 252 1600 Haec
276 1537 354 1600 olim
377 1538 471 1600 uates
495 1539 528 1599 et
550 1540 583 1599 te
606 1555 766 1618 praesaga
789 1540 927 1617 tuosque

163 1623 324 1709 Uulgauit
350 1625 442 1688 terri·
466 1645 663 1707 proauorum
687 1626 796 1687 aetate
819 1621 955 1686 furores.

162 1711 297 1795 Iamque
321 1711 405 1776 alter
427 1712 498 1794 tibi,
520 1733 580 1776 nec
603 1711 757 1794 perplexo
780 1710 931 1796 carmine,
955 1732 1066 1776 coram
1145 1730 1181 1780 60

161 1798 244 1863 Fata
267 1821 348 1864 cano
372 1802 479 1864 uates:
503 1799 593 1863 sistis
615 1799 651 1862 ni
674 1799 817 1863 crastina
841 1799 945 1884 signa,

163 1887 326 1952 Firmabis
349 1891 463 1952 nostro
486 1885 655 1952 Phoebeae
679 1887 765 1951 dicta
790 1884 933 1970 Sibyllae

163 1973 337 2061 Sanguine.
360 1997 420 2041 nec
443 1974 543 2040 Graio
566 1975 704 2060 posthac
726 1975 883 2040 Diomede
905 1974 1059 2058 ferentur,

161 2061 225 2128 Sed
248 2067 291 2146 te,
315 2066 342 2129 si
364 2067 503 2148 perstas,
525 2065 670 2149 insignes
694 2063 826 2129 consule
850 2062 978 2146 campi?

161 2151 251 2217 Haec
274 2153 406 2234 Paulus,
429 2153 646 2236 lacrimaeque
670 2153 771 2217 oculis
795 2151 984 2217 ardentibus
1008 2157 1110 2220 orbae.
1143 2170 1179 2222 oo

206 2239 343 2307 Necnon
367 2245 401 2306 et
423 2245 553 2306 noctem
577 2241 751 2306 sceleratus
775 2239 895 2324 polluit
917 2262 1017 2306 error.

161 2329 353 2416 Xanthippo
376 2333 491 2415 captus
515 2328 645 2413 Libycis
668 2329 825 2394 tolerarat
847 2328 883 2392 in
905 2329 971 2394 oris

163 2417 339 2484 Seruilium
364 2416 519 2500 Satricus,
541 2438 618 2481 mox
640 2418 727 2482 inter
748 2417 895 2501 praemia
917 2417 989 2502 regi

161 2505 354 2572 Autololum
376 2507 463 2572 dono
488 2506 583 2570 datus
607 2507 649 2571 ob
673 2506 804 2570 uirtutis
826 2505 993 2570 honorem.

161 2595 248 2660 Huic
272 2595 386 2661 domus
410 2600 444 2660 et
468 2594 591 2682 gemini
613 2594 744 2658 fuerant
768 2593 920 2660 Sulmone
942 2594 1049 2659 relicti
1143 2612 1179 2662 ιο

160 2683 277 2749 Matris
300 2683 335 2750 in
358 2684 512 2749 uberibus
535 2684 613 2767 neti,
635 2683 805 2748 Mancinus
828 2688 950 2748 etune

160 2769 302 2837 Nomine
326 2772 471 2838 Rhoeteo
496 2771 653 2856 Solimus,
676 2794 752 2836 nam
776 2771 930 2836 Dardana
953 2772 1045 2857 origo

160 2859 208 2925 Ill
230 2859 374 2945 Phrygio
398 2882 498 2946 genus
523 2884 542 2926 a
565 2882 698 2945 proauo,
721 2860 786 2945 qui,
809 2863 937 2944 sceptra
961 2865 1090 2926 secutus

161 2948 301 3031 Aeneae,
324 2949 446 3015 claram
470 2949 573 3014 muris
596 2949 791 3014 fundauerat
813 2950 926 3013 urbem

234 3145 269 3194 49
288 3139 371 3196 sios
443 3147 477 3196 50
496 3141 584 3212 aruis]
604 3140 725 3194 armies
798 3145 832 3195 tl
847 3140 974 3209 segniaI·
1051 3145 1086 3195 55
1105 3139 1180 3196 Ab!

158 3212 207 3279 (in
221 3229 307 3283 marp.
321 3229 356 3267 m.
370 3215 391 3267 2
405 3215 466 3280 aut)
486 3213 545 3266 Aut
563 3216 627 3264 nov
645 3211 727 3265 Haud
746 3212 830 3282 ualpo
912 3216 954 3267 54.
974 3214 1009 3265 bb
1023 3227 1081 3266 non
1099 3227 1180 3268 arma

159 3286 322 3353 capessunt,
339 3281 379 3337 At
397 3300 467 3350 quoe
486 3281 649 3337 Flaminius.
663 3281 806 3337 Baehrens
822 3283 854 3336 ia
868 3281 999 3337 Flectere.
1019 3287 1179 3338 aan.1872

155 3359 258 3424 1p.631
367 3359 400 3408 5¹1
420 3360 549 3422 cymeaI.
574 3353 697 3408 Cumaea
714 3358 751 3406 ch
774 3352 867 3407 crinea
884 3357 950 3404 lov
1057 3359 1091 3408 61
1111 3353 1180 3408 ins

163 3429 198 3479 68
217 3424 336 3494 posthac
354 3430 374 3476 1.
392 3428 458 3494 post
476 3426 547 3479 baec
565 3429 632 3477 rov
718 3431 752 3479 ‘lo
770 3422 878 3478 Hincs
969 3428 1003 3478 ‘12
1023 3423 1138 3481 thoeteo
1157 3431 1180 3478 Ε

161 3494 259 3550 theteo
273 3499 337 3548 nov
355 3525 389 3536 -
409 3494 530 3550 Solimus
549 3500 612 3548 chr
635 3493 759 3564 solymae
777 3500 797 3546 1.
820 3492 940 3550 solrinue
959 3499 1002 3546 ov
