2632 4014
191 186 257 252 208
600 186 671 242 SILI
688 186 820 243 ITALICI

192 349 316 415 Nostra
338 351 455 433 placet,
479 372 583 434 neque
608 371 668 415 uos
692 351 821 436 magnis
846 351 994 415 auertitis
1019 351 1117 435 ausis,

193 438 266 504 Huc
291 439 396 504 omnis
420 441 534 503 cantus
559 439 791 523 Phoebumque
815 443 931 504 uocate
954 444 1134 522 parentem.
1159 456 1211 506 346

192 526 314 592 Uerum
342 528 466 592 utinam
488 527 627 612 posthac
651 528 768 609 animo,
792 527 948 611 Romane,
972 528 1121 613 secunda,

193 616 323 692 Quanto
346 623 424 680 tunc
447 615 592 695 aduersa,
615 617 713 680 feras!
739 619 855 700 satque
878 616 1046 701 hactenus,
1065 639 1133 703 oro,

193 703 262 770 Nec
285 705 388 770 libeat
411 708 540 769 tentare
564 706 642 788 deis,
665 727 707 768 an
730 705 829 770 Troia
852 706 959 788 proles

194 793 258 858 Par
281 793 404 858 bellum
426 793 566 858 tolerare
590 799 696 876 queat,
719 797 828 878 tuque,
852 793 948 858 anxia
971 793 1041 879 fati,

192 880 291 966 Pone,
314 904 438 966 precor,
460 882 611 946 lacrimas
635 886 668 946 et
691 882 790 946 adora
814 882 960 964 uulnera,
983 883 1095 948 laudes
1157 900 1211 950 360

194 969 372 1054 Perpetuos
396 969 543 1055 paritura
565 969 636 1034 tibi.
658 993 734 1034 nam
758 975 915 1055 tempore,
938 970 1053 1056 Roma,

193 1058 293 1123 Nullo
317 1061 422 1124 maior
445 1059 518 1124 eris.
542 1081 617 1123 mox
641 1059 686 1124 sic
710 1059 819 1123 labere
845 1059 1003 1144 secundis,

193 1147 239 1213 Ut
263 1149 333 1212 sola
357 1148 484 1212 cladum
507 1147 629 1212 tuearis
652 1147 786 1212 nomina
808 1147 906 1212 fama.

237 1235 372 1320 Iamque
395 1236 482 1300 inter
505 1238 613 1300 uarias
636 1235 784 1300 Fortuna
806 1237 971 1320 utrimque
995 1238 1143 1303 uirorum

193 1323 367 1390 Alternata
390 1327 478 1389 uices
501 1325 627 1389 incerto
652 1326 793 1389 eluserat
815 1326 880 1389 iras
1154 1344 1210 1395 366

193 1411 334 1498 Euentu,
357 1413 526 1498 mediaque
551 1413 604 1488 diu
627 1413 789 1497 pendente
812 1435 870 1497 per
894 1415 1007 1478 ambas

195 1501 258 1586 Spe
283 1503 399 1587 gentis,
422 1503 556 1586 paribus
581 1501 712 1567 Mauors
735 1501 898 1588 flagrabat
920 1502 955 1566 in
979 1503 1087 1570 armis.

194 1590 289 1656 Mitis
312 1613 370 1656 ceu
392 1590 506 1654 uiridis
531 1591 659 1674 agitant
682 1612 755 1655 oum
778 1589 912 1655 flamina
936 1591 1070 1673 culmos,

193 1679 339 1745 Necdum
363 1682 508 1743 maturas
532 1679 671 1762 impellit
693 1682 811 1743 uentus
835 1681 963 1764 aristas,

193 1767 266 1832 Huc
291 1771 387 1851 atque
406 1767 469 1831 huc
488 1767 515 1830 it
535 1789 661 1830 summa
680 1787 773 1852 seges
792 1771 976 1852 nutansque
994 1769 1141 1836 uicissim
1156 1789 1211 1838 360

192 1855 331 1920 Alterno
355 1856 442 1919 lente
465 1857 557 1919 motu
580 1856 751 1920 incuruata
773 1857 912 1922 nitescit

193 1944 336 2008 Tandem
359 1943 538 2008 barbaricis
561 1943 755 2028 perfractam
779 1944 903 2010 uiribus
927 1946 994 2010 acri

196 2033 345 2116 Dissipat
367 2032 532 2097 incurrens
557 2031 658 2096 aciem
682 2033 822 2098 clamore
846 2032 994 2099 Nealces.

193 2121 310 2186 Laxati
333 2121 433 2204 cunei,
456 2143 576 2204 perque
599 2120 774 2184 interualla
797 2121 917 2186 citatus

193 2209 317 2293 Irrupit
340 2209 476 2294 trepidis
500 2210 613 2274 hostis.
636 2214 706 2273 tum
729 2209 859 2274 turbine
882 2212 978 2296 nigro
1000 2287 1003 2294 ,
1155 2230 1210 2280 366

195 2297 370 2382 Sanguinis
395 2298 536 2362 exundat
559 2301 700 2382 torrens3
722 2299 913 2382 nullumque
937 2301 997 2364 sub
1022 2323 1086 2365 una

195 2385 335 2472 Cuspide
359 2385 543 2470 procumbit
566 2408 692 2470 corpus.
715 2387 791 2450 dum
815 2390 952 2453 uulnera
974 2393 1069 2474 tergo

193 2476 341 2541 Bellator
363 2477 458 2539 timet
480 2475 655 2558 Ausonius,
677 2498 736 2559 per
758 2479 890 2558 pectora
913 2499 1029 2542 saeuas

194 2565 356 2649 Exceptat
379 2568 500 2629 mortes
525 2566 558 2628 et
580 2563 646 2627 leto
670 2564 807 2628 dedecus
832 2569 928 2629 arcet.

238 2651 355 2718 Stabat
378 2675 450 2718 cum
473 2652 588 2736 primis
612 2651 736 2716 mediae
760 2653 934 2718 certamine
956 2675 1096 2740 pugnae,
1153 2671 1209 2722 370

193 2741 319 2826 Aspera
343 2763 470 2826 semper
494 2763 607 2804 amans
631 2743 664 2804 et
686 2761 747 2825 par
769 2741 958 2825 cuicumque
982 2743 1113 2828 periclo,

193 2829 362 2912 Scaeuolaq
386 2852 444 2895 nec
467 2834 560 2894 tanta
583 2831 686 2893 uitam
710 2830 776 2892 iam
800 2836 910 2916 strage
933 2831 1076 2917 uolebat,

193 2919 255 2984 Sed
279 2919 412 3005 dignum
435 2941 558 3002 proauo
582 2918 685 2982 letum
708 2921 742 2981 et
765 2918 825 2983 sub
848 2919 979 2984 nomine
1003 2925 1153 2987 mortem.

192 3007 224 3072 ls
247 3015 422 3092 postquam
445 3007 554 3092 frangi
577 3028 627 3070 res
652 3010 749 3090 atque
773 3027 946 3092 augescere
970 3008 1054 3074 uidit

193 3095 351 3160 Exitium:
376 3093 507 3158 ‘Breuis
527 3095 588 3158 hoc
611 3094 708 3178 uitae,
732 3095 955 3179 quodcumque
978 3097 1139 3184 relictum,
1154 3116 1211 3166 375

263 3269 315 3324 344
333 3274 422 3323 noso
566 3273 618 3322 347
633 3271 734 3336 satque
753 3269 836 3324 Blass
864 3269 957 3338 sitque
976 3276 1042 3324 Eov
1071 3273 1210 3342 sicqucI·

192 3343 303 3410 stetque
322 3341 500 3409 Duasqucius
519 3338 613 3408 sisque
631 3339 767 3394 Heinsius
857 3347 906 3394 361
928 3341 1043 3398 nitescit
1055 3342 1212 3400 Liuineius

192 3412 309 3482 rigescit
326 3413 370 3466 aei
387 3410 509 3480 resurgit
527 3410 663 3466 Schrader
724 3415 776 3464 364
795 3411 905 3465 Lassati
923 3417 966 3464 ΙΝ
1030 3417 1082 3468 366
1101 3414 1212 3485 irrupit

193 3483 319 3552 trepidus
327 3483 415 3538 hostis
426 3489 471 3548 ch,
484 3483 557 3536 ande
566 3479 692 3549 trepidos
702 3481 836 3536 Heinsius
846 3513 879 3523 -
890 3483 966 3552 nigri
976 3489 1013 3536 cn
1085 3491 1138 3541 366
1154 3487 1211 3542 sub

191 3570 248 3608 una
267 3552 387 3622 Cuspide
407 3559 443 3605 ch
461 3554 553 3607 imas
626 3557 679 3606 670
697 3554 850 3607 certamine
869 3559 906 3605 611
