2596 4010
182 165 226 231 94
581 164 649 221 SILI
666 163 799 220 lTALICI

185 321 274 393 Huic'
294 331 429 412 torquet
452 327 566 413 rapido
589 330 773 409 correptum
798 346 815 390 e
838 325 968 409 gurgite
991 325 1097 410 pilum

181 416 236 502 nt,
263 421 421 501 quantum
445 416 544 501 longo
567 415 647 480 ferri
669 417 806 481 tenuata
827 414 938 498 rigore
1152 432 1209 482 630

181 504 335 570 Procedit
359 505 479 590 cuspis,
501 527 558 589 per
580 503 708 569 hiantia
730 502 885 588 transigit
908 524 975 568 ora.

181 593 311 658 Pulsati
334 595 425 680 ligno
449 615 585 659 sonuere
607 595 642 657 in
664 592 799 657 uulnere
822 592 942 656 dentes.

180 680 250 747 Nec
273 683 340 749 leto
364 682 512 767 quaesita
535 681 641 766 quies:
663 680 829 766 turgentia
851 681 998 745 membra

180 769 325 836 Eridano
348 771 476 854 Trebia,
498 771 662 836 Eridanus
685 769 774 834 dedit
797 769 947 854 aequoris
970 768 1076 834 undis.

182 858 232 924 Tu
247 881 385 945 quoque,
406 860 545 944 Thapse,
564 859 667 942 cadis,
679 859 806 924 tumulo
821 861 897 942 post
913 857 984 922 iata
997 863 1130 944 negato.
1146 875 1204 926 635

182 947 268 1024 Quid
292 949 407 1014 domus
430 947 647 1033 Hesperidum
672 951 729 1013 aut
752 947 818 1012 luci
841 946 952 1011 iuuere
976 946 1121 1033 dearum,

180 1035 306 1102 Fuluos
330 1037 472 1102 aurifera
495 1040 662 1102 seruantes
687 1036 803 1101 arbore
826 1035 957 1100 ramos?

227 1125 387 1190 Intumuit
410 1126 527 1190 Trebia
550 1129 584 1189 et
607 1126 733 1210 stagnis
757 1145 791 1189 se
815 1123 949 1189 sustulit
971 1123 1047 1188 imis

182 1213 317 1298 Iamque
340 1215 432 1280 ferox
454 1218 562 1280 totum
584 1213 741 1300 propellit
764 1212 895 1299 gurgite
918 1212 1043 1277 fontem

181 1301 291 1388 Atque
315 1304 421 1368 omnis
444 1307 576 1387 torquet
597 1304 698 1386 uires3
721 1301 803 1366 furit
826 1301 912 1366 unda
935 1302 1063 1367 sonoris
1144 1319 1204 1370 640

179 1391 383 1477 Uerticibus,
407 1392 615 1476 sequiturque
638 1411 743 1456 nouus
771 1411 844 1455 cum
867 1411 1032 1455 murmure
1054 1394 1203 1457 torrens.

180 1478 290 1546 Sensit
312 1485 345 1546 et
368 1502 504 1546 accensa
527 1479 641 1545 ductor
664 1479 841 1545 uiolentius
864 1478 930 1542 ira:

180 1567 344 1654 ‘Magnas
367 1591 386 1634 ο
409 1568 537 1649 Trebia,
559 1573 593 1632 et
615 1569 751 1634 meritas
774 1566 864 1652 mihi,
886 1567 1015 1651 perfide,
1038 1589 1165 1651 poenas

180 1655 368 1740 Exsolues'‚
391 1657 506 1741 inquit.
530 1656 688 1722 ‘lacerum
710 1679 769 1742 per
793 1654 919 1721 Gallica
941 1655 1021 1720 riuis

180 1744 378 1830 Dispergam
400 1767 476 1810 rura
498 1749 596 1830 atque
620 1745 725 1810 amnis
749 1745 813 1810 tibi
830 1743 964 1809 nomina
982 1744 1127 1830 demam3
1143 1761 1201 1812 645

181 1831 315 1917 Quoque
339 1834 446 1917 aperis
469 1837 502 1898 te
525 1834 626 1918 fonte,
648 1855 808 1918 premam
831 1854 891 1898 nec
913 1837 1048 1918 tangere
1071 1833 1164 1918 ripas
1261 1911 1265 1918 ⁴

181 1920 343 2007 Illabique
366 1921 455 1988 Pado
479 1922 619 1988 dabitur.
643 1944 803 2007 quaenam
826 1925 890 1987 ista
912 1925 1046 2005 repente

184 2007 364 2093 Sidonium,
386 2009 509 2095 infelix,
532 2011 639 2076 rabies
663 2014 696 2076 te
719 2010 858 2076 reddidit
881 2009 1048 2076 amnem?

226 2098 319 2163 Talia
342 2099 520 2164 iactantem
544 2121 743 2186 consurgens
768 2119 868 2185 agger
891 2121 1048 2183 aquarum

177 2185 315 2272 Impulit
337 2189 434 2272 atqua
457 2188 610 2254 humeros
634 2193 768 2254 curuato
793 2188 922 2274 gurgite
946 2189 1074 2270 pressit.
1142 2205 1201 2257 650
1279 2263 1280 2268 1

177 2274 308 2340 Arduus
333 2276 470 2342 aduersa
491 2278 578 2343 mole
600 2277 839 2342 incurrentibus
863 2276 958 2340 undis

180 2363 255 2430 Stat
277 2365 391 2431 ductor
415 2366 582 2450 clipeoque
605 2371 753 2430 ruentem
776 2365 911 2430 sustulit
933 2387 1071 2430 amnem.

177 2451 312 2519 Necnon
336 2476 355 2518 a
378 2458 471 2539 tergo
494 2454 611 2520 fluctus
636 2453 794 2518 stridente
816 2454 962 2538 procella

178 2541 338 2626 Spumeus
360 2543 480 2609 irrorat
503 2565 647 2608 summas
672 2542 843 2628 aspergine
866 2543 991 2608 cristas.

178 2629 230 2695 Ire
253 2632 347 2697 uadis
372 2632 587 2717 stabilemque
610 2635 702 2696 uetat
725 2631 865 2715 defigere
889 2652 1037 2718 gressum
1141 2648 1199 2699 655

181 2717 348 2786 Subducta
372 2721 489 2786 tellure
514 2721 607 2804 deus3
630 2741 845 2805 percussaque
869 2719 966 2805 longe

176 2807 323 2873 Raucum
347 2831 426 2874 saxa
450 2815 580 2894 sonant3
603 2809 771 2892 undaeque
795 2809 835 2872 ad
858 2808 945 2874 bella
967 2810 1114 2893 parentis

175 2895 313 2962 Excitae
336 2902 493 2982 pugnant,
516 2902 549 2962 et
571 2899 660 2982 ripas
683 2897 824 2981 perdidit
847 2898 960 2963 amnis.

177 2983 261 3049 Tum
284 2985 432 3051 madidos
456 2987 554 3052 crinis
578 2991 611 3051 et
634 2987 751 3070 glauca
774 2985 889 3051 fronde
911 2987 1095 3052 reuinctum

175 3072 310 3138 Attollit
333 3096 406 3139 cum
429 3078 642 3160 uoce-caput:
665 3073 849 3140 ‘Poenasne
873 3076 1027 3160 superbas
1138 3093 1194 3143 600

248 3253 299 3302 629
318 3249 429 3302 Hinco
480 3253 531 3302 633
550 3247 608 3304 leto
623 3256 666 3302 cm
681 3251 736 3320 Ep.
753 3249 910 3305 16160606
960 3256 1013 3306 636
1031 3250 1194 3319 Thapsefflr

175 3321 256 3389 tapse
276 3325 292 3372 6
343 3323 394 3374 638
413 3317 550 3374 Intumuit
567 3325 649 3374 chd
668 3322 714 3389 (T.
723 3338 751 3390 p.
765 3325 832 3391 214)
849 3320 977 3376 Intonuit
990 3326 1031 3374 ov
1080 3326 1132 3376 661
1148 3324 1193 3377 in-

175 3391 349 3446 currentibus
369 3395 450 3443 0er
469 3389 686 3460 irrumpentibus
709 3397 751 3445 0V
833 3397 884 3446 652
905 3393 1051 3448 sustulits
1070 3393 1103 3462 (Ρ
1124 3397 1192 3450 snb-

174 3461 263 3528 stulit,
281 3467 314 3517 ut
331 3479 356 3517 c.
372 3465 439 3529 638)
460 3459 580 3516 sustinet
597 3465 682 3534 uulgo
747 3468 798 3519 667
818 3463 943 3534 parentis
962 3469 999 3516 ch
1054 3469 1106 3520 660
1121 3482 1192 3534 poe-

175 3547 260 3588 nasne
280 3537 299 3584 0
322 3549 465 3603 poenaeue
483 3537 524 3583 LE
546 3548 706 3602 poenasque
725 3539 748 3585 v
