2596 4010
189 185 253 248 142
585 185 655 240 SILI
673 184 807 240 lTALIGI

183 347 345 412 Attonitis
369 347 452 411 arcis
476 347 585 412 facies.
609 347 749 412 excussit
770 349 915 413 habenas
1029 404 1032 411 .

182 435 358 501 Luctificus
382 435 497 518 Pauor,
521 439 554 501 et
576 439 752 520 tempestas
777 440 873 502 aucta
895 435 1051 500 timendo,

180 523 244 589 Hie
266 525 389 608 raptim
412 525 478 589 ruit
499 524 534 588 in
557 545 675 590 muros.
699 546 762 589 uox
785 524 918 590 horrida
940 525 1053 608 fertur,

184 612 299 678 Hostis
324 613 424 678 adest.
447 612 633 697 iaciuntque
657 612 752 677 sudes
777 617 810 678 et
832 612 946 677 inania
965 614 1041 677 tela.

180 699 244 766 Ast
267 701 361 783 aliae,
383 702 498 766 laceris
522 705 673 766 canentes
697 701 849 784 crinibus,
873 700 940 765 alta
1152 719 1210 768 550

179 789 324 855 Uerrunt
346 794 433 855 tecta
457 790 551 854 deum
576 794 608 854 et
632 789 712 854 seris
736 790 903 873 postlata
927 811 1062 854 suorum

182 878 369 944 Sollicitant
392 878 551 962 precibus,
574 877 718 962 requiem
742 879 959 961 tenebraeque
984 877 1122 963 diesque

181 967 342 1049 Amisere3
366 967 475 1032 iacent
497 967 600 1050 portis
624 967 771 1031 ululante
795 967 906 1032 dolore

181 1055 373 1138 Dispersum
396 1056 525 1139 uulgus,
548 1059 814 1140 remeantumque
837 1055 951 1120 ordine
974 1054 1077 1141 longo

182 1141 298 1208 Seruat
320 1142 418 1208 turba
441 1143 575 1228 gradus,
598 1144 740 1226 pendant
764 1166 803 1208 ex
826 1165 881 1208 ore
904 1144 1109 1228 loquentum,
1151 1161 1207 1211 555

180 1231 249 1296 Nec
272 1232 367 1296 laetis
392 1236 444 1296 sat
467 1236 555 1296 certa
577 1231 667 1314 fides,
689 1232 872 1316 iterumque
896 1235 1066 1296 morantur

181 1319 310 1386 Orando
335 1324 376 1404 et,
400 1321 494 1385 uultu
517 1320 681 1384 interdum
705 1321 775 1385 sine
798 1341 877 1385 uoce
901 1321 1033 1404 precati,

181 1409 275 1486 Quod
297 1409 451 1493 rogitant,
475 1409 585 1473 audire
608 1413 738 1492 pauent.
760 1410 836 1474 hinc
858 1409 964 1493 fletus,
988 1409 1045 1473 ubi
1068 1431 1173 1474 aures

180 1498 355 1562 Percussae
379 1497 530 1580 grauiore
552 1498 654 1582 malo;
677 1501 783 1562 metus
805 1498 890 1581 inde,
912 1501 1071 1582 negatum

180 1583 215 1650 Si
239 1585 331 1670 scire,
354 1589 387 1649 et
411 1585 525 1650 dubius
549 1587 697 1670 responsi
719 1587 853 1650 nuntius
876 1586 992 1650 haesit.
1149 1601 1205 1652 570

179 1672 314 1757 Iamque
337 1673 394 1737 ubi
417 1678 592 1756 conspectu
615 1674 808 1739 redeuntum
831 1674 904 1739 uisa
927 1673 1115 1758 propinquo

180 1760 335 1846 Corpore,
359 1761 498 1826 sollicite
521 1761 601 1826 laeti
624 1763 803 1827 funduntur
826 1766 859 1826 et
882 1762 964 1846 ipsis

178 1849 298 1915 Oscula
321 1849 510 1914 uulneribus
533 1851 640 1936 figunt
664 1872 861 1935 superosque
885 1850 1036 1935 fatigant.

223 1937 287 2002 Hic
310 1937 395 2012 inter
418 1938 572 2023 trepidos,
596 1960 690 2003 curae
714 1939 926 2021 uenerandus‚
950 1939 1070 2023 agebat

180 2025 353 2092 Serranum
376 2025 502 2110 Marus3
527 2032 625 2111 atque
649 2028 729 2093 olim
753 2033 828 2112 post
851 2028 920 2093 fata
943 2028 1055 2091 mariti
1148 2045 1203 2095 575

178 2114 254 2180 Non
278 2136 409 2200 egressa
432 2115 562 2180 domum
585 2117 691 2181 uitato
714 2115 838 2182 Marcia
861 2120 956 2182 coetu

88 2264 96 2272 .
178 2203 223 2268 Et
246 2205 351 2268 lucem
375 2225 472 2268 causa
493 2207 645 2269 natorum
669 2227 775 2289 passa,
798 2207 916 2271 ruebat

178 2291 219 2356 In
241 2293 364 2356 luctum
389 2292 528 2356 similem
552 2293 700 2380 antiqu03
722 2294 855 2358 turbata
876 2296 1011 2378 repente

178 2383 431 2466 Agnoscensque
457 2379 600 2445 Marum:
625 2380 735 2446 ‘Fidei
758 2403 865 2446 comes
889 2382 1001 2446 inclite
1024 2401 1184 2467 magnae,
1279 2417 1280 2450 l

177 2468 274 2534 Hunc
293 2473 378 2534 certe
397 2469 478 2533 mihi
496 2469 623 2552 reddis,'
648 2469 702 2535 ait.
727 2469 813 2534 ‘leue
835 2470 975 2535 uulnus?
998 2491 1041 2534 an
1064 2472 1133 2534 alte
1147 2487 1204 2538 580

178 2557 289 2643 Usque
313 2558 353 2622 ad
376 2561 489 2622 nostra
511 2557 599 2622 ferus
624 2558 808 2641 penetrauit
831 2559 957 2624 uiscera
979 2559 1119 2623 mucro?
1278 2625 1279 2630 ,

180 2645 339 2731 Quicquid
361 2645 395 2710 id
419 2651 486 2732 555,
513 2646 590 2710 dum
612 2669 679 2712 non
706 2647 853 2712 uinctum
876 2645 1043 2732 Carthago
1067 2649 1200 2713 catenis

180 2735 332 2820 Abripiat
354 2756 540 2819 poenaeque
563 2735 724 2800 instauret
747 2740 895 2801 monstra
917 2739 1084 2819 paternae,

179 2821 317 2888 Gratum
341 2827 399 2908 est,
423 2846 442 2888 ο
467 2823 584 2908 superi.
609 2824 759 2908 quotiens
782 2825 846 2889 heu
869 2829 955 2908 nate,
978 2824 1145 2909 petebam,

177 2909 228 2975 Ne
251 2912 374 2996 patrias
398 2913 464 2977 iras
489 2913 677 2998 animosque
700 2913 734 2978 in
756 2912 882 2996 proelia
905 2913 1016 2994 ferres,
1141 2927 1199 2978 585

179 3046 393 3053 Μ...-

249 3127 301 3176 558
319 3119 392 3174 Hinc
411 3125 430 3172 0
517 3124 568 3175 659
587 3122 757 3191 rapiuntque
774 3121 862 3176 Bothe
942 3126 992 3175 561
1013 3118 1137 3175 Uertunt
1153 3126 1200 3174 ov

178 3196 230 3246 563
249 3191 416 3258 ululantque
434 3189 530 3245 dolore
549 3192 684 3247 Heinsius
849 3189 1088 3262 566155515]155ἰ
1108 3192 1199 3248 Blass

178 3269 229 3319 568
248 3261 315 3317 hine
334 3262 445 3318 Gronov
464 3262 567 3332 aliique
584 3261 666 3317 hies
756 3268 807 3318 571
827 3262 995 3317 redeuntum
1012 3263 1199 3332 Dcasqaee'as

176 3334 319 3389 redeuntis
339 3339 355 3385 5
373 3332 522 3387 redeuntia
539 3333 737 3390 1155555605οή
809 3339 860 3389 572
881 3333 1002 3389 sollicite
1021 3332 1093 3387 laeti
1112 3338 1197 3386 olr-

177 3403 359 3458 affunduntur
376 3402 512 3458 Heinsius
552 3409 604 3458 576
622 3403 728 3460 Marcis
742 3409 828 3457 chov
845 3405 947 3459 martia
960 3409 1001 3457 111¹
1042 3408 1097 3458 580
1111 3403 1198 3458 Hunc

179 3481 222 3526 cm
236 3475 292 3542 Ep.
308 3479 345 3529 68
363 3479 405 3525 LE
424 3475 505 3528 Nunc
524 3479 567 3525 0V
653 3481 704 3530 581
723 3481 842 3528 muroI·
932 3480 984 3530 582
1004 3473 1145 3544 quidquid
1165 3475 1198 3529 id

178 3546 342 3600 estuanti.
