2596 4010
193 164 258 228 116
589 139 811 218 srnr'rrnmor

192 323 263 400 Qua
284 325 375 389 nasci
398 323 519 388 ferrum
541 323 683 408 fulgenti
706 325 838 408 cuspide
857 325 969 408 cernit,

192 412 315 494 Donec,
340 407 540 477 abundanter
564 412 676 477 defuso
700 413 866 498 sanguine,
889 414 957 478 late

190 501 369 566 Procubuit
392 502 534 565 moriens
558 504 591 565 et
613 501 717 565 telum
740 503 875 566 uulnere
899 502 1028 585 pressit.

193 587 333 673 Spiritus
353 589 518 654 exundans
542 589 683 654 uicinum
706 591 840 674 puluere
864 593 954 654 moto
1169 608 1225 657 466

192 677 348 742 Perflauit
372 700 522 762 campum
546 681 578 742 et
600 678 720 742 nubem
744 678 897 761 dispersit
918 678 952 741 in
976 700 1084 742 auras.

236 765 304 831 Nec
327 767 433 830 minor
456 767 582 830 interea
604 765 739 832 tumulis
763 766 919 850 siluisque
942 766 1110 832 fremebat

190 854 339 919 Diuersis
362 854 503 939 Mauors,
526 853 680 939 uariaque
704 877 761 938 per
785 856 885 919 ardua
907 875 1019 938 pugna

191 941 237 1007 Flt
262 966 340 1008 saxa
364 947 397 1006 et
421 943 509 1007 dumi
532 946 682 1007 rorantes
706 943 803 1006 caede
825 943 985 1007 nitebant.

191 1031 340 1096 Exitium
362 1032 498 1114 trepidis
522 1031 644 1114 letique
669 1035 701 1094 et
724 1031 843 1116 stragis
868 1032 1004 1096 acerbae
1165 1050 1222 1099 460

191 1119 297 1184 Causa
322 1118 484 1202 Sychaeus
509 1123 596 1204 erat3
619 1118 810 1184 Murranum
833 1119 889 1184 ille
913 1119 1039 1183 eminus
1062 1119 1172 1187 hasta

190 1208 385 1292 Perculerat‚
409 1230 473 1292 quo
497 1230 563 1273 non
587 1207 680 1290 alius,
703 1219 776 1272 cum
799 1208 888 1272 bella
911 1209 1054 1292 silerent,

189 1295 325 1360 Dulcius
349 1295 504 1382 Oeagrios
528 1296 683 1380 pulsabat
705 1296 831 1381 pectine
854 1318 982 1360 neruos.

190 1383 350 1450 Occubuit
374 1387 456 1449 silua
479 1387 513 1449 in
536 1407 657 1470 magna
679 1386 868 1468 patriosque
892 1385 952 1450 sub
976 1385 1049 1468 ipso

190 1472 358 1548 Quaesiuit
381 1474 500 1539 montis
523 1473 591 1537 leto
616 1495 652 1537 ac
676 1473 793 1538 felicia·
806 1473 935 1537 Baccho
1163 1492 1220 1540 466

191 1563 349 1644 Aequana
373 1565 405 1624 et
429 1561 576 1645 Zephyro
602 1559 793 1626 Surrentum
816 1562 914 1625 molle
939 1559 1071 1624 salubri.

189 1649 369 1712 Addiderat
392 1649 510 1712 misero
536 1650 688 1714 comitem
713 1671 902 1735 pugnaeque
926 1648 1043 1713 ferocis

190 1735 360 1800 Gaudebat
383 1737 472 1800 tristi
494 1737 599 1801 uictor
621 1739 768 1802 nouitate
794 1735 967 1820 Sychaeus.

189 1824 339 1888 Palantis
362 1847 438 1889 nam
462 1825 539 1889 dum
563 1827 717 1909 sequitur,
740 1829 931 1910 peruaserat
955 1826 1057 1890 altam

192 1913 232 1977 In
256 1914 372 1978 siluam
397 1917 431 1977 et
454 1914 577 1998 priscae
601 1915 731 1978 reclinis
752 1915 793 1978 ab
816 1915 934 1978 ictibus
957 1913 1039 1978 ulmi
1163 1935 1221 1985 470

193 2001 301 2085 Terga
324 2001 477 2066 tuebatur
499 2006 613 2066 trunco
637 2002 822 2086 frustraque
845 2003 985 2067 relictos·

189 2089 358 2154 Tauranus
382 2091 516 2154 comites
541 2113 690 2174 suprema
713 2113 791 2156 uoce
816 2091 931 2156 ciebat.

188 2177 364 2263 Transegit
386 2179 544 2263 iuuenem,
568 2201 604 2242 ac
627 2179 782 2263 perfossis
806 2179 907 2243 incita
930 2178 1087 2246 membris

187 2265 304 2330 Haesit
326 2266 361 2329 in
384 2268 535 2351 opposito
559 2269 665 2350 cuspis
689 2265 821 2332 Sidonia
843 2269 943 2352 ligno.

233 2353 318 2430 Quid
341 2355 463 2419 uobis?
483 2378 642 2439 quaenam
665 2356 715 2420 ira
739 2356 844 2439 deum,
867 2357 920 2420 uel
940 2358 1047 2419 mente
1067 2356 1218 2426 sinistra

188 2442 277 2518 Quae
302 2442 386 2507 sedit
408 2443 557 2527 formido,
580 2445 664 2523 uiri?
688 2445 751 2528 qui,
775 2444 880 2509 Marte
903 2443 1028 2526 relicto,
1157 2465 1217 2514 476

186 2531 367 2596 Remorum
391 2533 564 2616 quaesistis
589 2553 691 2616 opem.
714 2554 780 2597 non
804 2555 925 2616 aequus
948 2533 983 2597 in
1005 2533 1087 2597 artis

186 2617 349 2685 Nimirum
373 2622 469 2685 rebus
494 2644 608 2686 suasor
630 2625 745 2686 metus.
770 2622 879 2708 arguit
902 2643 997 2704 asper

188 2707 305 2773 Exitus
329 2705 455 2774 euentu'
470 2711 565 2794 praui
588 2711 737 2774 consulta
759 2709 895 2774 timoris.

187 2797 322 2861 Annosa
346 2799 489 2863 excelsos
512 2799 673 2870 tendebat¹
689 2800 723 2862 in
746 2799 878 2862 aethera
900 2819 1007 2862 ramos
1154 2817 1212 2866 480

188 2883 357 2969 Aesculus,
379 2887 567 2951 umbrosum
591 2909 727 2972 magnas
751 2909 848 2970 super
872 2887 972 2951 ardua
996 2887 1098 2951 siluas

186 2970 336 3036 Nubibus
360 2974 522 3040 insertans
546 2976 622 3040 altis
646 2980 751 3060 caput,
774 2977 887 3058 instar,
910 2980 1023 3059 aperto

188 3058 222 3124 Si
246 3064 348 3124 staret
372 3084 496 3147 campo,
519 3065 661 3128 nemoris
685 3068 813 3148 lateque
837 3064 971 3128 tenebat

186 3146 348 3213 Frondosi
370 3151 465 3235 nigra
488 3152 636 3216 tellurem
659 3153 785 3218 roboris
809 3153 933 3216 umbra.

261 3309 313 3358 409
332 3307 470 3362 rubebant
489 3309 623 3363 Heinsius
640 3315 665 3363 et
683 3309 818 3365 Schrader
864 3317 866 3322 '
934 3313 987 3363 463
1006 3308 1118 3378 eugrios
1137 3315 1206 3363 mv

185 3377 338 3448 seugurios
354 3383 374 3428 1⁸¹
395 3377 526 3433 Oebalios
541 3381 676 3436 Heinsius
695 3381 821 3448 Orpheos
840 3379 1206 3448 Schradera-pulsauitch

132 3503 136 3508 ,
186 3451 239 3500 470
258 3447 369 3502 reclinis
389 3449 566 3518 Dausqneius
589 3449 702 3504 reclinis
723 3457 740 3503 s
870 3457 923 3504 474
941 3449 1052 3523 Haesit]
1071 3450 1141 3506 Exit
1160 3457 1204 3504 ov

186 3520 237 3574 481
257 3521 391 3574 Aesculus
411 3525 447 3572 ch
469 3519 589 3580 Asculus
609 3526 625 3572 s
702 3527 754 3574 484
773 3521 855 3590 nigra
870 3527 906 3573 ch
