2632 4016
201 181 243 246 38
603 181 674 238 SILI
692 181 826 238 lTALICI

198 344 353 409 Exiluere
377 349 499 430 patres,
521 343 679 430 Latioque
702 345 736 410 id
758 348 901 410 uerteret
924 366 1028 428 omen,

201 431 343 497 Orauere
367 433 471 498 deum.
508 434 554 498 At
577 438 753 519 postquam
777 434 938 499 discordia
962 434 1063 499 sensit
1165 451 1220 501 380

198 521 337 586 Pectora
361 526 393 586 et
416 522 533 587 infidas
557 523 598 587 ad
619 523 760 588 Martem
782 543 919 609 uergere
942 527 1076 608 mentes,

198 607 275 674 Non
295 610 384 675 ultra
406 611 534 696 patiens
557 611 680 676 Fabius
703 610 825 677 rexisse
849 612 1001 695 dolorem,

200 696 384 763 Consilium
405 722 543 786 propere
566 701 720 786 exposcit,
742 699 957 784 patribusque
980 699 1117 784 uocatis,

200 785 331 852 Bellum
354 810 388 853 se
412 795 541 872 gestare
565 789 638 854 sinu
661 810 837 872 pacemque
861 789 1018 872 profatus,

200 874 287 950 Quid
310 877 431 959 sedeat,
454 878 563 964 legere
587 877 751 962 ambiguis
773 898 837 940 neu
860 877 973 942 fallere
997 877 1092 942 dictis
1163 895 1218 945 385

136 1041 141 1052 ¹
201 963 345 1049 Imperat
369 988 417 1047 ac,
441 987 538 1031 saeuo
561 969 714 1031 neutrum
737 968 892 1030 renuente
916 969 1041 1051 senatu,

199 1049 266 1116 Ocu
291 1054 417 1119 clausas
441 1054 526 1120 acies
551 1055 739 1140 gremioque
764 1053 942 1119 effunderet
965 1077 1070 1120 arma:

197 1139 362 1226 ‘Accipite
385 1143 564 1208 infaustum
586 1142 709 1228 Libyae
733 1146 914 1227 euentuque
937 1144 1041 1226 priori

195 1227 287 1312 Par',
310 1231 424 1316 inquit,
447 1229 602 1296 ‘bellum'
626 1269 670 1278 -
693 1234 726 1296 et
747 1232 839 1296 laxos
863 1231 998 1296 effundit
1021 1233 1169 1300 amictus.

198 1317 282 1382 Tum
305 1320 431 1403 patrias
454 1320 574 1404 repetit
597 1320 764 1406 pugnandi
786 1319 920 1384 nuntius
943 1342 1042 1386 arces.
1161 1340 1216 1390 330

240 1407 348 1492 Atque
372 1431 411 1472 ea
434 1408 510 1473 dum
533 1409 691 1496 profugae
714 1408 825 1495 regnis
849 1409 1018 1494 agitantur
1039 1409 1178 1497 Elissae,

196 1493 324 1560 Accisis
348 1498 442 1561 uelox
461 1498 605 1581 populis,
629 1499 701 1582 quis
725 1517 823 1582 aegra
846 1497 981 1562 lababat

196 1583 363 1668 Ambiguo
389 1586 448 1650 sub
472 1584 578 1650 Marte
601 1585 690 1669 fides,
713 1585 897 1669 praedaque
921 1591 1077 1670 grauatus

194 1670 248 1736 Ad
272 1693 382 1736 muros
405 1671 535 1738 Poenus
558 1677 770 1738 reuocauerat
794 1695 884 1738 arma
908 1671 1055 1756 Sagunti.

239 1757 323 1824 Ecce
347 1763 458 1824 autem
481 1761 620 1845 elipeum
640 1783 738 1826 saeuo
761 1760 891 1846 fulgore
914 1766 1088 1828 micantem
1159 1783 1214 1832 008

197 1845 318 1911 Oceani
341 1854 455 1933 gentes
479 1849 606 1915 ductori
630 1850 715 1915 dona
737 1849 895 1932 ferebant,

196 1932 356 2000 Callaicae
379 1937 507 2002 telluris
531 1961 622 2024 opus,
647 1939 840 2024 galeamque
864 1937 1007 2005 coruscis

196 2021 382 2089 subnexam
405 2026 524 2109 cristis,
547 2027 681 2092 uibrant
704 2027 757 2092 cui
779 2027 900 2093 uertice
924 2027 997 2092 coni

194 2111 348 2178 Albentis
370 2115 485 2180 niueae
508 2116 650 2180 tremulo
667 2116 835 2181 nutamine
857 2118 995 2200 pennae}

81 2233 85 2244 ·
193 2199 317 2264 Essem
340 2224 438 2267 unam
461 2226 499 2268 ac
522 2204 633 2268 multia
656 2203 792 2268 fatalem
816 2203 948 2269 milibus
971 2205 1111 2272 hastam.
1157 2225 1213 2276 400

194 2288 368 2354 Praeterea
390 2295 513 2357 textam
536 2292 630 2357 nodis
654 2315 796 2377 auroque
819 2293 958 2358 trilicem

193 2377 353 2463 Loricam,
375 2381 458 2444 nulli
482 2381 626 2466 tegimen
648 2381 849 2465 penetrabile
872 2382 950 2447 telo.

193 2465 293 2552 Haec,
317 2489 390 2532 aere
414 2473 447 2532 et
471 2469 543 2534 duri
567 2469 718 2552 chalybis
736 2469 880 2553 perfecta
903 2470 1037 2536 metallo

193 2558 302 2640 Atque
326 2557 443 2642 opibus
465 2557 598 2643 perfusa
621 2557 712 2643 Tagi,
736 2580 793 2641 per
817 2558 947 2644 singula
969 2559 1064 2624 laetis

192 2643 329 2710 Lustrat
352 2667 454 2712 ouans
478 2647 579 2712 oculis
604 2651 637 2711 et
660 2646 780 2732 gaudet
802 2646 929 2731 origine
951 2648 1057 2733 regni:
1154 2666 1210 2718 408

267 2842 319 2892 380
330 2845 387 2892 aes
398 2869 431 2878 -
443 2838 531 2894 sensit
544 2844 581 2891 ch
594 2839 680 2893 sentit
692 2842 715 2890 V
784 2842 835 2892 382
850 2837 955 2892 rexisse
970 2844 1007 2892 ch
1069 2846 1121 2896 383
1137 2841 1211 2898 Gon-

197 2905 291 2960 silium
306 2908 385 2962 Koch
401 2908 582 2964 Conciliums
601 2926 718 2979 propere
733 2908 860 2978 exposcit
874 2915 890 2960 8
905 2924 965 2978 exp.
979 2927 1059 2980 prop.
1073 2915 1158 2982 uulgo
1173 2946 1210 2955 —

192 2994 242 3032 uu.
258 2982 310 3031 383
329 2984 355 3032 et
373 2986 425 3034 387
444 2982 579 3035 eiciendos
592 2996 647 3035 esse
657 2985 762 3050 putant
774 2979 893 3048 Ruperti
906 2985 931 3034 et
948 2981 1028 3036 1'hiio
1092 2987 1212 3040 39380-

193 3047 258 3101 cisis
278 3049 370 3103 Barth
388 3049 495 3104 Accitis
510 3057 526 3104 8
544 3050 649 3106 Ascitis
663 3051 812 3106 Liuineius
829 3056 855 3104 et
874 3049 1071 3109 Drakenborch
1093 3054 1210 3111 Attritis

194 3121 327 3174 Heinsius
365 3120 484 3176 Afflictis
517 3121 628 3190 Withof
658 3121 771 3176 Pacatis
801 3121 939 3178 Schrader
975 3123 1101 3180 Accessis
1129 3125 1211 3183 Koch
1303 3155 1304 3186 f

193 3195 246 3244 398
266 3188 424 3244 Subnexam
441 3208 493 3247 scr.
514 3191 698 3248 Subnixams
718 3191 851 3246 Suffixum
866 3191 1002 3248 Schrader
1087 3201 1139 3250 333
1157 3197 1210 3251 Al·

193 3260 286 3315 bentis
300 3266 337 3314 ch
355 3260 487 3316 Ardentis
507 3262 594 3318 Bothe
703 3269 755 3318 400
775 3280 858 3318 unam
877 3269 909 3318 ut
927 3265 996 3318 coni.
1017 3266 1096 3322 Koch
1114 3273 1151 3320 ch
1164 3275 1208 3322 08

192 3350 277 3386 unum
294 3336 336 3384 ov
354 3350 457 3387 uncum
477 3333 567 3402 Ohory
680 3339 731 3389 401
751 3336 845 3388 texam
860 3339 897 3386 ch
915 3334 1054 3391 intextam
1072 3339 1209 3394 Heinsius

193 3419 293 3458 nexam
303 3403 424 3473 Ruperti
508 3410 560 3459 400
572 3404 699 3459 Loricam
709 3405 781 3458 nulli
791 3409 856 3457 ono
875 3403 1002 3460 Loricam
1017 3409 1046 3462 et
1059 3407 1132 3464 nulli
1142 3414 1209 3463 HV

192 3478 245 3527 400
266 3477 295 3528 et
308 3475 415 3544 gaudet
433 3492 471 3530 or.
487 3480 524 3528 on
546 3475 705 3545 gaudetque
722 3477 735 3528 i
760 3475 901 3546 origines
926 3479 955 3544 (Ἰ
972 3494 1007 3532 m.
1023 3483 1039 3532 1
1053 3485 1206 3550 suprascr.)

192 3547 389 3614 gaudetquer
407 3546 569 3617 gaudetque
588 3549 618 3600 et
636 3563 675 3601 or.
690 3551 734 3599 ov
