2632 4014
427 199 642 257 PUNIOORUM
660 199 770 256 LIBER
789 200 822 256 X.
1073 200 1138 266 233

131 362 195 430 Sed
218 364 318 448 stirpe
341 362 427 428 baud
450 365 544 449 parui
567 363 779 449 cognominis,
802 363 831 427 is
855 365 942 429 mals
966 364 1052 429 bello

129 452 267 518 Pectora
290 453 545 538 degeneremque
568 475 700 518 manum
724 452 765 518 ad
788 451 947 517 deformia
970 453 1091 537 agebat

131 539 289 608 Consulta
311 546 408 626 atque
432 540 496 606 alio
519 543 644 626 positas
669 540 840 625 spectabat
863 541 898 605 in
921 541 1009 625 orbe,

131 628 210 706 Quis
234 652 303 695 sese
327 631 519 711 occulerent,
541 635 656 714 terras,
679 652 743 714 quo
766 629 901 695 nomina
922 630 1014 694 nulla

129 718 321 804 Poenorum,
345 723 403 784 aut
425 719 552 802 patriae
574 722 759 804 penetraret
781 719 870 784 fama
892 718 1034 784 relictae.
1088 735 1141 784 425

89 861 91 866 .
175 806 263 884 Quae
285 811 362 892 post
363 830 461 892 quam
485 809 610 892 accepit
631 807 800 872 flammata
823 805 932 909 Scipio
956 811 1076 892 mente,

131 895 276 973 Quantus
301 894 470 961 Sidonium
494 901 617 980 contra,
639 896 709 961 fera
731 895 857 980 proelia
879 895 1028 981 miscens,

129 984 363 1051 Ductoremst
349 985 456 1050 tetit
446 1007 481 1049 ιιι
504 984 637 1070 eampis,
658 985 747 1070 rapit
769 985 857 1050 ocius
881 1006 991 1050 ensem

129 1074 176 1139 At
162 1079 249 1158 tque,
272 1074 365 1138 ubit
351 1078 446 1158 turpe
464 1074 587 1138 malum
605 1072 679 1139 Lat
655 1077 765 1159 troque
793 1077 938 1138 extrema
960 1073 1144 1158 coquebant

132 1162 258 1246 Coepta
280 1163 352 1247 uiri,
375 1161 628 1248 rupttforibusis
653 1184 723 1228 sese
747 1161 899 1228 arduus
890 1163 999 1227 mfert.
1089 1177 1142 1226 430

131 1251 225 1334 Tum,
249 1251 398 1337 quatiens
422 1251 571 1316 strictum
595 1273 668 1316 cum
691 1272 770 1316 uoce
790 1255 865 1316 ante
890 1273 947 1316 cra
964 1255 1142 1335 pauentum

131 1338 333 1406 Macronem:
357 1338 524 1424 ‘Tarpeia
546 1343 648 1424 pater,
672 1339 728 1424 qui
750 1340 873 1424 templa
896 1339 1070 1404 secundam

129 1428 251 1494 Incolis
275 1452 295 1493 a
317 1429 408 1494 caclo
433 1427 551 1510 sedem,
574 1432 608 1493 et
632 1426 795 1511 Saturnia,
817 1428 961 1493 nondum

130 1517 240 1582 Iliacis
264 1521 390 1582 mutata
412 1517 519 1602 malis,
540 1522 640 1602 tuque
665 1539 780 1602 aspera
802 1520 916 1600 pectus

129 1605 255 1691 Aegide
279 1604 470 1692 Gorgoneos
493 1606 587 1692 uirgo
611 1606 774 1672 succincta
796 1604 931 1688 furores,
1092 1620 1144 1670 435

129 1693 368 1780 Indigetesque·
383 1695 442 1780 dei,
455 1699 582 1779 'sponte
605 1717 646 1760 cn
667 1717 726 1780 per
749 1695 883 1759 numina
905 1697 1018 1759 uestra

130 1781 256 1868 Perque
279 1787 386 1887 caput,
363 1785 499 1849 ntullo
522 1783 628 1848 leuius
651 1783 733 1848 mihi
754 1784 897 1865 numine,
918 1783 1023 1867 patris

131 1870 366 1958 Magnanimi
357 1895 444 1938 iuro:
467 1894 646 1956 numquam
669 1871 807 1936 Lauinia
829 1892 932 1958 regna

131 1959 293 2045 Linquam
316 1982 376 2026 nec
398 1961 502 2045 linqui
524 1961 640 2044 patiar,
664 1960 810 2042 dumt
762 1965 831 2026 urta
853 1957 1007 2028 manebit.

131 2047 230 2114 Ocius
254 2071 295 2114 en
316 2052 439 2114 testare
462 2049 549 2134 deos,
573 2050 602 2112 si
625 2049 879 2118 moeniatacdis
1092 2065 1145 2115 440

130 2135 337 2223 Flagrabunt
359 2136 500 2222 Libycis,
523 2139 629 2204 nullas
653 2142 687 2204 te
709 2138 804 2224 ferre,
825 2137 894 2203 Met
879 2140 967 2225 tello,

132 2225 297 2291 Ausurum
320 2226 355 2290 in
378 2229 483 2292 terras
507 2247 647 2312 gressus.
669 2227 704 2292 ni
726 2227 807 2293 talia
831 2228 947 2314 sancis,

132 2315 236 2392 Quem
257 2315 371 2380 tremis
396 2319 429 2380 ot
451 2315 541 2380 cuius
564 2338 698 2382 somnos
722 2315 895 2380 formidine
918 2318 1054 2402 rumpis,

132 2403 301 2470 Hannibal
324 2403 378 2469 bic
401 2410 547 2470 armatus
570 2405 672 2470 adest.
694 2405 842 2488 moriere,
865 2425 924 2470 nec
946 2405 1015 2470 ullo

134 2492 319 2559 Poenorum
341 2493 457 2560 melior
479 2493 626 2578 parietur
649 2493 756 2578 gloria
778 2490 894 2557 caeso?
1091 2509 1144 2558 445

135 2581 198 2646 His
221 2603 356 2647 excussa
378 2582 509 2666 incepta
532 2581 639 2646 minis.
662 2581 791 2665 iamque
815 2579 926 2646 ordino
948 2581 1037 2647 iusso

206 2867 257 2916 421
272 2859 356 2931 parui
379 2860 422 2913 uir
444 2858 566 2913 nominis
584 2860 759 2941 Ruperti-
783 2860 808 2914 is
831 2862 907 2916 mala
925 2861 1036 2918 Gronov
1054 2879 1088 2918 ea
1105 2864 1146 2919 cd.

134 2933 214 2990 Rom.
230 2933 289 2986 3is
308 2947 393 2986 mana
410 2936 472 2983 ch!
491 2931 579 3001 (Tmp
594 2935 662 2996 188)
679 2930 705 2984 is
723 2947 799 2987 noua
816 2933 900 3005 aalys
990 2937 1145 2990 42301es

132 3009 186 3058 4³0
205 3004 309 3058 arduus
322 3008 363 3056 Π
382 3001 487 3056 arctius
502 3006 545 3054 ov
616 3007 669 3056 433
684 3019 717 3057 ac
736 3003 846 3058 caelos
918 3009 972 3059 434
986 3003 1093 3060 Italicis
1109 3010 1146 3058 ch

131 3080 185 3130 486
205 3075 305 3143 sponte
328 3090 363 3128 cn
386 3090 436 3142 per
458 3091 485 3127 ιι.
509 3092 536 3128 u.
560 3073 694 3140 chebura
716 3079 741 3128 et
764 3074 876 3142 Withof
893 3078 992 3144 sponte
1019 3076 1093 3132 inter
1118 3095 1145 3132 n

132 3147 228 3200 uestra
247 3149 406 3198 chffl-
426 3145 561 3199 nostrat)
586 3144 726 3213 spondens
743 3161 795 3214 per
813 3165 840 3201 ιι.
859 3163 886 3200 ιι.
906 3147 1043 3202 Heinsius
1059 3146 1147 3216 positi

132 3231 184 3298 per
201 3233 230 3272 n.
248 3219 346 3271 nostra
358 3215 495 3272 Schrader
513 3216 613 3285 sponte
627 3217 699 3286 etp.
712 3233 740 3272 ιι.
754 3234 781 3272 ιι.
797 3218 885 3273 Bothe
973 3223 1026 3273 438
1044 3219 1146 3272 iuror

132 3286 194 3343 uiro
212 3292 278 3340 ιον
295 3289 339 3354 (ia
356 3292 379 3339 V
392 3305 426 3343 m
442 3289 491 3342 24.
506 3304 593 3356 mcrp
606 3287 681 3354 iuro)
743 3293 796 3344 440
814 3291 955 3345 antestare
966 3288 1101 3344 Halmius
1111 3319 1146 3329 —

132 3359 225 3415 taedis
243 3364 262 3412 0
282 3359 358 3413 cedis
375 3363 441 3412 HV
525 3364 576 3413 441
596 3357 689 3412 nullos
708 3357 831 3430 Scaliger
915 3365 968 3414 442
987 3359 1146 3414 interrusr

133 3432 245 3486 ctcrra
262 3430 316 3484 bac
337 3431 417 3484 Tbelo
441 3431 565 3483 extorres
588 3429 673 3484 Blcss
696 3430 788 3484 nullas
808 3430 917 3496 efferre,
941 3430 992 3499 M.²
1012 3429 1147 3485 Orsurum

134 3503 179 3557 uel
196 3499 357 3556 Ausoniai.
372 3504 391 3554 t.
406 3517 433 3570 g
449 3498 626 3555 Heinsias-
637 3500 762 3554 sancisr
782 3502 873 3559 saucia
886 3507 950 3554 ιον
1022 3506 1076 3556 444
1089 3518 1147 3556 mo·

133 3571 206 3628 riere
225 3577 269 3624 cn
287 3572 343 3642 Ep.
359 3574 394 3625 13
465 3577 517 3626 446
536 3569 606 3625 iussi
624 3571 774 3628 Burmann
