2632 4016
189 176 233 241 30
592 176 661 231 SlLI
679 174 811 232 ITALIOI

189 341 252 406 Ter
275 341 392 407 cecidit
416 341 538 419 dextra,
561 343 595 404 et
617 344 713 405 notas
738 339 831 405 dolor
854 341 993 405 abstulit
1015 340 1105 405 artis.
1153 357 1209 406 140

188 429 339 496 Paenitet
361 430 427 495 heu
449 451 521 495 sero
545 429 648 494 dulcis
671 428 806 514 liquisse
830 430 968 513 penatis,

189 521 396 604 Arreptoque
419 519 523 604 auide,
546 539 610 602 quo
635 517 786 599 concidis,
809 517 910 602 Icaro,
933 540 1021 602 aare,

188 607 368 693 Postquam
393 629 508 673 aeuum
532 608 640 672 senior
663 628 880 692 percussaque
903 610 1037 692 pectora
1059 607 1185 671 frustra

190 695 297 762 Sentit
320 700 361 782 et,
383 701 422 761 ut
443 699 554 761 tantos
577 700 763 782 compescat
786 699 892 761 morte
916 696 1055 780 dolores,

188 784 247 850 Nil
271 786 342 870 opis
364 786 401 850 in
423 785 546 869 dextra,
568 789 683 850 uastae
708 807 742 849 se
765 785 905 850 culmine
929 785 1029 850 turris
1152 799 1208 848 146

189 874 405 958 Praecipitem
429 875 508 940 iacit
531 877 564 938 et
588 874 738 957 delapsus
761 874 903 956 pondere
926 895 1029 959 prono

188 962 336 1028 Membra
359 963 550 1048 supernati
573 963 783 1028 moribundos
807 962 948 1047 explicat
970 967 1069 1027 artus.

233 1051 321 1117 Dum
344 1052 431 1118 cadit
453 1055 585 1116 externo
609 1051 789 1136 Gortynius
812 1053 937 1116 aduena
959 1051 1056 1134 bello,

187 1139 259 1206 Iam
281 1163 369 1207 noua
391 1141 525 1206 molitus
550 1141 720 1206 stimulato
743 1139 848 1204 milite
872 1140 1013 1224 Theron,
1031 1185 1034 1192 1
1301 1203 1302 1228 q

186 1228 322 1295 Alcidae
345 1231 462 1314 templi
485 1233 595 1295 custos
619 1251 758 1314 araeque
782 1229 943 1314 sacerdos,
1150 1245 1205 1294 160
1301 1247 1302 1270 ¹

187 1317 263 1384 Non
287 1323 494 1404 expectatum
516 1317 624 1404 Tyriis
648 1318 805 1384 effuderat
828 1339 945 1404 agmen

187 1407 234 1473 Et
256 1407 327 1472 fera
350 1408 509 1473 miscebat
531 1410 678 1472 reserata
700 1408 826 1492 proelia
849 1412 954 1494 porta.

187 1496 297 1582 Atque
320 1495 458 1561 illinon
481 1497 578 1562 hasta
601 1518 708 1580 manu,
731 1519 799 1561 non
821 1498 943 1562 uertice
968 1495 1079 1580 cassis,

187 1583 260 1671 Sed,
281 1585 362 1649 fisus
385 1585 463 1650 latis
486 1585 630 1650 humeris
655 1589 688 1648 et
712 1586 798 1650 mole
820 1586 980 1668 iuuentae,

186 1673 331 1760 Agmina
353 1674 509 1738 uastabat
531 1673 633 1756 claua,
655 1673 739 1736 nihil
762 1673 892 1760 indigus
916 1673 1012 1738 ensis.
1148 1689 1201 1737 166
1302 1665 1303 1682 ’

187 1761 334 1827 Exuuiae
358 1762 459 1847 capiti
481 1761 654 1847 impositae
677 1761 883 1846 tegimenque
907 1761 1011 1827 leonis

186 1850 378 1916 Terribilem
402 1851 561 1916 attollunt
584 1850 711 1916 excelso
734 1851 856 1916 uertice
878 1851 1005 1916 rictum.

187 1938 327 2005 (lentum
352 1961 475 2024 angues
498 1940 584 2004 idem
609 1938 816 2024 Lernaeaque
839 1945 985 2005 monstra
1008 1941 1144 2026 gerebat

188 2028 228 2094 lu
251 2029 354 2112 clipeo
380 2033 413 2094 et
436 2029 533 2094 sectis
557 2029 720 2114 geminam
744 2029 950 2114 serpentibus
973 2029 1121 2112 hydram.

187 2117 248 2181 Ille
258 2116 374 2182 Iubam
383 2116 614 2202 Thapsumque
624 2121 752 2202 patrem
762 2118 950 2204 clarumque
960 2117 1132 2202 Micipsam
1148 2133 1201 2183 160

186 2204 326 2270 Nomine
350 2206 404 2270 aui
426 2205 640 2292 Maurumque
666 2205 777 2291 Sacer,
801 2229 821 2270 a
844 2207 1014 2272 moenibus
1039 2211 1129 2274 actos

186 2294 398 2379 Palantisque
421 2294 510 2382 fuga,
532 2317 687 2380 praeceps
713 2295 753 2358 ad
777 2296 876 2360 litora
898 2317 994 2361 cursu

185 2383 319 2470 ligarat,
342 2387 440 2468 atquc
464 2406 530 2448 una
554 2385 751 2466 spumabant
775 2407 918 2468 aequora
941 2385 1064 2451 dextra.

185 2471 254 2538 Nec
273 2476 445 2538 contentus
468 2471 519 2537 ldi
541 2472 606 2537 leto
630 2473 760 2556 letoque
785 2471 943 2539 Cothonis
1060 2503 1063 2512 ·

186 2560 405 2627 Marmaridae
427 2583 486 2626 nec
505 2561 601 2627 caede
621 2560 721 2626 Rothi
743 2583 805 2627 nec
823 2562 919 2626 caede
937 2561 1126 2647 Iugurthae,
1150 2578 1203 2628 165

186 2650 330 2734 Asbytes
354 2673 484 2716 currum
508 2655 541 2715 et
563 2649 722 2715 radiantis
746 2651 893 2736 tegmina
916 2653 1029 2716 laeuae

186 2739 348 2804 Poscebat
370 2741 458 2805 uotis
482 2743 710 2825 gemmataque
733 2739 856 2804 lumina
878 2740 989 2824 peltae

187 2829 296 2912 Atque
319 2830 354 2892 in
376 2829 535 2914 belligera
557 2828 711 2894 uersabat
734 2827 862 2913 uirgine
884 2831 1037 2892 mentem.

186 2915 290 2992 Quem
313 2939 406 2980 ruere
429 2925 467 2982 ut
489 2919 556 2983 telo
580 2916 663 2981 uidit
686 2917 799 3002 regina
822 2921 967 3000 cruento,

188 3003 348 3089 Obliquos
371 3005 543 3091 detorquet
566 3027 666 3092 equos
690 3005 884 3090 laeuumque
907 3029 965 3091 per
988 3007 1101 3072 orbem
1150 3021 1203 3072 110

261 3268 979 3338 1401101001111.21ονν.1100111101(Ἐμ236)
1066 3268 1201 3324 1401116-
1303 3283 1304 3318 1

187 3359 239 3397 ron
257 3347 293 3394 06
392 3345 442 3394 161
462 3338 655 3394 eruderator
679 3338 888 3395 effunderathr
908 3338 1046 3396 effuderat
1064 3339 1200 3395 Heinsius
1303 3391 1304 3404 ,

188 3419 240 3469 160
259 3415 371 3482 tapsum
391 3410 599 3477 scfiIl‘T635
622 3412 762 3479 —patris
781 3410 917 3466 Heinsius
1026 3415 1075 3465 161
1094 3427 1199 3465 nomen
1303 3443 1304 3466 1

188 3484 249 3539 airis
264 3484 351 3540 Bothe
425 3488 476 3538 166
490 3481 648 3552 tegminav
666 3482 791 3551 tegmine
801 3487 862 3535 110
874 3511 907 3523 ·-
917 3481 1015 3537 laeuae
1029 3487 1066 3535 011
1083 3480 1147 3538 lene
1156 3487 1200 3534 11

185 3557 304 3613 laena!
327 3555 423 3611 leuco
498 3559 548 3608 161
568 3554 800 3624 gemmataquev
824 3554 1024 3624 geminataque
1037 3557 1099 3606 110
1303 3577 1304 3580 ¹
