2596 4010
188 205 230 270 70
374 239 376 242 -
588 201 656 256 sni
675 199 811 257 memor
842 155 847 165 ’

188 366 267 442 Quis
292 366 354 430 erit
378 365 507 449 eloquio
530 367 662 448 partum
685 363 791 429 decus.
815 363 890 428 huic
913 384 972 426 sua
994 360 1110 426 Musae

189 455 288 521 Sacra
310 455 424 537 ferent,
449 454 625 536 meliorque
644 453 725 538 lyra,
748 452 799 517 cui
819 451 967 516 substitit
986 450 1118 516 Hebrus
1153 466 1210 516 620

188 544 234 609 Et
256 544 347 608 uenit
369 542 537 626 Rhodope,
560 541 692 606 Phoebo
717 539 865 604 miranda
886 540 1047 623 loquetur.

189 631 251 697 Ille
275 632 385 717 etiam,
408 654 472 716 qua
493 630 611 716 prisea,
634 629 737 713 uides,
760 633 828 694 stat
850 628 941 714 regia
963 627 1071 712 nobis,

190 720 300 786 Amce
323 719 462 804 Tarpeia
483 722 584 804 ponet
607 715 771 803 Capitolia
793 739 874 800 rupe

190 809 237 874 Et
259 809 374 894 iunget
395 813 509 874 nostro
533 809 732 892 templorum
755 806 898 872 culmina
920 806 1020 872 caelo.

188 897 287 982 Tunc,
311 920 330 963 o
353 901 429 962 nate
453 898 547 962 deum
571 896 729 980 diuosque
752 895 875 979 dature,
898 895 1014 960 beatas
1153 910 1209 960 625

187 986 330 1071 Imperio
353 990 458 1051 terras
480 985 589 1070 patrio
612 1005 698 1070 rege.
721 984 815 1050 tarda
838 987 1003 1049 senectam

187 1074 344 1159 Hospitio
367 1075 530 1158 excipient
553 1075 644 1157 caeli,
668 1073 813 1158 solioque
837 1072 990 1149 Quirinus

188 1162 360 1246 Concedct,
384 1163 590 1247 mediumque
612 1185 730 1247 parens
753 1162 920 1246 fraterque
943 1161 1115 1226 locabant:

189 1250 313 1318 Siderei
336 1253 428 1317 iuxta
449 1252 624 1316 radiabunt
646 1256 793 1336 tempora
816 1249 915 1316 nati.'

226 1340 322 1420 Dum
345 1341 461 1424 pandit
484 1341 600 1406 seriem
622 1341 753 1405 uenturi
775 1339 901 1424 Iupiter
924 1339 1006 1422 aeui,
1152 1355 1208 1404 666

188 1428 315 1494 Ductor
337 1427 539 1516 Agenoreus,
562 1430 698 1494 tumulis
722 1430 848 1494 delatus
872 1428 1002 1514 iniquis,

187 1516 387 1603 Lapsantem
411 1518 509 1583 dubio
533 1519 655 1582 deuexa
677 1539 735 1600 per
757 1517 847 1582 inuia
870 1517 945 1581 nisu

149 1605 360 1692 ‚.Firmabat
383 1627 532 1691 gressum
555 1610 653 1690 atque
676 1606 846 1671 humentia
869 1628 948 1670 saxa
970 1605 1151 1689 premebat.

188 1693 265 1760 Non
288 1696 373 1759 acies
396 1695 543 1760 hostisue
566 1698 666 1778 tenet,
690 1696 746 1759 sed
769 1717 872 1779 prona
895 1694 1015 1758 minaei

187 1782 368 1867 Praerupto
387 1784 523 1848 turbant
546 1787 578 1848 et
602 1783 750 1848 cautibus
774 1783 873 1848 obuia
895 1804 1001 1866 rupes.
1153 1799 1208 1848 636

191 1869 288 1935 Stant
311 1871 412 1936 clausi
434 1876 642 1956 maerentque
666 1893 773 1937 moras
799 1876 831 1937 et
854 1872 934 1936 dura
956 1871 1093 1936 uiarum.

188 1957 259 2024 Nee
281 1959 427 2024 refouere
451 1961 547 2026 datur
569 1961 733 2045 torpentia
756 1961 903 2025 membra
926 1959 1047 2044 quiete3

188 2045 329 2113 Noctem
353 2049 443 2132 operi
465 2049 605 2134 iungunt
630 2053 663 2114 et
685 2049 805 2115 robora
827 2050 910 2114 ferre
933 2049 1055 2114 coactis

188 2134 418 2220 Approperant
440 2138 585 2203 humeris
609 2160 646 2202 ac
669 2141 780 2222 raptas
804 2138 941 2203 collibus
966 2159 1073 2202 ornos

188 2223 320 2308 Iamque
344 2225 399 2289 ubi
421 2226 585 2292 nudarunt
609 2228 693 2291 silua
716 2227 910 2292 densissima
932 2225 1063 2309 montis,
1152 2243 1206 2292 646

188 2313 372 2399 Aggessere
395 2315 521 2392 trabes3
545 2315 730 2399 rapidisque
755 2337 907 2382 accensus
930 2315 964 2379 in
988 2314 1100 2380 orbem

188 2401 391 2486 Exeoquitur
413 2403 553 2468 flammis
573 2405 735 2488 scopulus.
759 2427 835 2470 mox
858 2407 993 2489 proruta
1015 2403 1103 2469 ferro
1150 2441 1152 2448 ·

188 2489 255 2556 Dat
278 2491 438 2578 gemitum
461 2493 566 2575 putris
589 2494 735 2558 resoluto
758 2493 899 2576 pondere
922 2492 1024 2558 moles

189 2579 299 2665 Atque
322 2581 427 2666 aperit
449 2581 544 2646 fessis
569 2582 695 2665 antiqui
718 2602 819 2666 regna
842 2580 959 2648 Latini.

189 2668 251 2733 His
274 2670 405 2736 tandem
428 2670 558 2756 ignotas
581 2675 806 2756 transgressus
830 2671 958 2735 casibus
980 2667 1092 2754 Alpes,
1154 2686 1210 2736 646
1235 2703 1239 2711 ·
1287 2695 1288 2717 ¹

189 2756 339 2822 Taurinis
363 2759 477 2825 ductor
500 2759 617 2824 statuit
640 2758 782 2824 tentoria
805 2759 935 2844 campis.

234 2844 371 2925 Interea,
395 2869 491 2913 uoces
513 2848 603 2914 Iouis
622 2851 720 2931 atque
743 2849 874 2913 oracula
896 2851 1041 2932 portans,

189 2933 343 2999 Emensis
367 2935 479 3000 aderat
503 2935 735 3003 Garamantum
760 2937 865 3000 laetus
889 2936 1019 3000 harenis

189 3020 309 3088 Bostar
332 3027 365 3088 et
387 3028 425 3089 ut
447 3027 518 3091 uiso
544 3025 734 3091 stimulabat
757 3025 854 3090 corda
876 3023 1056 3100 Tonante:¹

190 3150 253 3158 ιι·-

261 3222 313 3271 e1e
333 3215 401 3282 Quis
425 3215 512 3270 erite
542 3216 597 3283 Qui
615 3216 685 3272 serit
697 3223 760 3271 uro
791 3216 845 3283 Qui
862 3216 937 3271 foret
950 3221 988 3268 cn
1016 3213 1071 3279 Qui
1089 3213 1157 3269 feria
1172 3222 1212 3268 cc
1285 3199 1286 3274 Ϊ

189 3287 236 3356 (T.
246 3305 277 3359 p.
292 3291 362 3356 209)
380 3319 413 3328 -
433 3288 532 3342 hincl.
622 3287 739 3343 6661116
760 3289 877 3343 Medius
904 3286 989 3340 illas
1009 3317 1041 3324 -
1061 3283 1143 3339 uides
1162 3291 1211 3340 cm

189 3359 247 3429 Ep.
262 3363 318 3415 106
415 3359 615 3414 6291ustau‘
718 3363 770 3414 632
789 3359 911 3414 nisuro
932 3359 1210 3426 (resacrare.)
1285 3405 1286 3438 q

189 3430 253 3485 uisu
271 3435 315 3484 LV
394 3436 446 3485 634
464 3429 569 3497 glacies
587 3430 672 3485 Biora
752 3435 804 3485 635
823 3430 938 3484 turbant
957 3433 994 3481 ch
1012 3458 1048 3467 —
1067 3429 1096 3481 et
1115 3429 1212 3482 eunti·
1285 3445 1286 3451 ¹

188 3501 242 3555 bus
266 3502 378 3570 Withof
446 3506 497 3555 643
512 3500 601 3569 putris
616 3507 660 3553 cm
675 3501 730 3571 Ep.
744 3506 800 3557 106
819 3501 908 3570 patris
923 3506 964 3553 Π
979 3499 1026 3568 (cf.
1038 3498 1127 3553 XIII.
1137 3503 1210 3568 464)

188 3573 290 3654 patens
304 3578 323 3626 0
342 3571 453 3643 patiens
467 3576 491 3623 V
506 3571 551 3638 (Τ.
561 3589 591 3639 p.
606 3573 678 3638 223)
