2632 4014
183 198 247 262 162
496 172 500 264 ζ
583 201 650 256 siu
669 199 802 255 immor

183 360 306 426 Nauita
328 362 394 426 iam
417 363 556 447 portus?
580 364 789 448 petrianum
812 362 886 428 sede
909 361 1042 448 fugatae

181 448 373 516 Athlantem
398 455 431 515 et
455 449 578 535 Calpen
603 459 745 516 extrema
768 451 990 516 habitabimus
1015 452 1149 516 antra‘i'

224 538 315 604 Tune
339 539 394 622 sie,
417 541 587 605 inuoluens
611 542 750 625 repetita
774 541 913 624 exordia,
935 545 1023 604 retro
1141 558 1193 607 434

179 625 301 711 insipit
324 628 496 712 ambiguus
509 633 612 716 ,uates
636 637 822 712 reseratque
845 629 970 692 futura:

179 711 454 781 ‘Laomedonteus
480 717 624 802 Phrygia
647 740 720 782 oum
744 717 828 782 sedit
850 717 883 781 in
906 715 966 780 Ida

179 803 297 869 Pastor
320 808 361 888 et,
384 807 523 870 errantis
548 807 683 870 dumosa
705 828 763 889 per
787 807 861 870 auia
884 810 995 869 tauros

179 891 310 978 Arguta
332 915 490 959 reuocans
510 893 551 958 ad
573 895 701 960 roseida
723 916 844 978 pascua
867 914 978 977 canna,

178 981 314 1046 Audiuit
337 1004 448 1047 saonae
472 983 580 1048 lentus
604 983 781 1047 certamina
804 982 943 1066 formae3
1137 1000 1190 1048 440

177 1068 260 1134 Tum
284 1071 398 1134 matris
423 1093 535 1136 ourrus
557 1071 671 1136 niueos
696 1071 844 1155 agitabat
868 1071 985 1154 olores,

177 1156 339 1243 Tempora
362 1159 521 1224 sollicitus
545 1159 613 1223 litis
638 1181 793 1242 seruasse,
817 1155 951 1243 Cupido.

176 1246 337 1312 Paruulus
361 1269 400 1311 ex
423 1249 556 1312 humero
581 1251 715 1333 gorytos
740 1253 772 1311 44
796 1268 913 1311 aureus
936 1267 1029 1311 arnus

176 1334 349 1421 Fulgebat,
370 1340 515 1420 nutuque
538 1343 653 1400 uetans
672 1336 835 1419 trepidare
858 1341 1034 1420 parentem,

176 1423 385 1489 Monstrabat
408 1425 579 1509 grauidam
601 1425 675 1488 telis
700 1446 734 1488 se
756 1423 841 1488 ferre
864 1423 1061 1507 pharetram.
1137 1441 1190 1490 445

176 1515 240 1577 Ast
263 1513 346 1577 alius
370 1513 466 1578 niuea
489 1513 639 1578 oomebat
662 1512 768 1577 fronte
792 1512 936 1596 capillos,

159 1599 359 1684 Purpureos
383 1601 467 1665 alius
491 1603 593 1666 uestis
616 1601 777 1684 religabat
801 1601 946 1683 amiotus,
1020 1671 1024 1681 ¹

176 1687 258 1753 Cum
281 1690 327 1753 sio
351 1690 519 1773 suspirans
543 1711 635 1754 roseo
660 1688 770 1754 Uenus
795 1710 849 1752 ore
873 1687 1006 1752 deooros

175 1777 362 1860 Alloquitur
385 1781 494 1842 natos:
519 1776 656 1842 “Testis
680 1776 860 1842 certissima
883 1781 1013 1840 uestrae

174 1864 259 1929 ane
283 1865 349 1928 dies
372 1865 506 1949 pietatis
530 1866 630 1930 adest.
654 1866 725 1950 quis
749 1865 877 1930 eredere
901 1865 1003 1929 saluis
1035 1900 1040 1910 ,
1134 1883 1188 1933 440

178 1952 249 2017 Η44
273 1953 358 2017 ausit
381 1953 498 2018 uobis?
523 1955 561 2018 de
584 1953 692 2018 forma
715 1957 812 2037 atque
836 1975 891 2017 ore
915 1989 957 1999 —
979 1952 1056 2036 quid
1078 1955 1165 2020 ultra

173 2041 243 2105 Iam
268 2047 414 2126 superest
437 2043 567 2107 rerum?
597 2078 637 2088 -
662 2046 766 2107 certat
788 2040 909 2106 Uenus.
938 2041 1049 2106 omnia
1075 2044 1187 2127 paruis

175 2127 211 2194 Si
234 2150 306 2193 mea
329 2130 397 2194 tela
420 2131 491 2194 dedi
514 2131 633 2195 blando
657 2130 817 2195 medioata
838 2151 973 2213 uenen0,

175 2217 209 2281 Si
231 2222 349 2299 uester,
373 2219 462 2282 eaelo
487 2241 523 2283 ao
546 2219 642 2282 terris
667 2219 723 2302 qui
745 2218 876 2284 foedera
899 2218 1012 2301 sanoit,

175 2303 249 2370 Stat
272 2307 417 2391 supplex,
441 2329 513 2371 eum
537 2306 647 2389 uultis,
671 2329 765 2372 auus:
787 2307 924 2372 uictoria
947 2311 1061 2372 nostra
1133 2325 1186 2374 444

174 2393 305 2479 Cypron
328 2394 498 2460 Idumaeas
522 2394 643 2459 referat
667 2394 705 2458 de
728 2395 861 2460 Pallade
885 2395 1021 2482 palmas,

173 2481 223 2546 De
245 2482 370 2549 Iunone
396 2521 433 2530 —
459 2483 589 2566 Paphos
613 2487 743 2547 eentum
767 2483 847 2548 mihi
870 2483 973 2548 fumet
996 2484 1030 2547 in
1055 2483 1153 2551 aris.''

173 2571 323 2655 Dumque
346 2572 426 2636 haeo
451 2571 582 2657 aligeris
606 2572 709 2634 instat
733 2568 904 2655 Cytherea,
928 2573 1067 2638 sonabat

173 2658 275 2723 Omne
298 2682 411 2724 nemus
437 2662 605 2746 gradiente
629 2659 696 2726 dea.
719 2659 787 2724 iam
809 2660 926 2724 bellica
948 2661 1051 2746 uirgo,

171 2787 383 2794 —-.—..———

244 2856 297 2905 4³4
313 2851 414 2922 Calpes
432 2851 568 2905 Heinsius
639 2857 692 2906 434
712 2851 821 2905 Tunes
840 2851 912 2904 Tum
930 2852 989 2906 edi.
1001 2881 1034 2891 -
1049 2851 1183 2908 euoluens

170 2922 305 2976 Heinsius
456 2923 617 2976 4401eetus
636 2922 797 2984 Markland,
809 2924 846 2976 ai
865 2921 933 2978 sui
948 2923 1015 2977 Silo.
1036 2923 1110 2980 na.
1126 2929 1183 2980 175

170 2998 221 3044 441
243 3009 325 3046 curru
343 2993 478 3048 Heinsius
581 2998 633 3048 442
652 2991 698 3046 1141
716 2994 851 3048 Heinsius
958 2999 1010 3046 443
1029 2996 1184 3063 gorytosL

170 3068 223 3114 444
241 3067 366 3132 nutuque
386 3070 429 3117 ov
447 3062 578 3132 initaque
596 3070 616 3115 Ι.
635 3069 770 3133 mutoque
789 3069 809 3115 F
881 3069 933 3118 446
951 3065 1034 3118 niueo
1049 3095 1083 3104 -
1098 3065 1184 3122 dente

171 3135 323 3189 Markland
342 3137 379 3190 ad
398 3135 671 3191 4444041114.
688 3139 727 3189 87
741 3165 773 3174 -
789 3133 915 3203 capillos,
933 3133 1090 3203 Purpureos
1109 3137 1184 3192 alius

169 3204 305 3259 Heinsius
333 3206 450 3274 ospillos
483 3206 654 3274 Purpureos,
686 3205 759 3260 41144
794 3207 876 3275 uulpo
911 3235 942 3244 -
976 3206 1075 3278 uestis]
1105 3210 1183 3264 cesto

167 3276 213 3330 nei
230 3275 301 3330 44441
319 3277 465 3345 Heinsius,
485 3277 557 3346 quod
576 3277 673 3344 probb.
697 3277 893 3331 Drakenborch
916 3279 941 3330 ei
958 3275 1059 3344 Boibe,
1076 3280 1124 3333 sed
1143 3281 1180 3346 ef.

168 3346 289 3416 Ruperti
303 3365 328 3401 a.
342 3348 367 3402 b.
384 3349 401 3402 l.
456 3354 507 3402 444
527 3348 649 3400 nostram
668 3347 805 3401 Heinsius
863 3352 915 3400 446
934 3345 1041 3416 Cypros
1056 3347 1184 3420 Scaliger

168 3422 220 3472 447
239 3417 281 3472 De
300 3419 404 3473 Iunone
425 3422 487 3470 cliv
505 3418 542 3472 Et
559 3417 664 3472 lunone
683 3423 744 3470 Lro
867 3421 919 3470 448
938 3418 990 3472 444
1008 3423 1070 3471 mio
1088 3437 1139 3476 om.
1158 3425 1183 3474 V

168 3486 215 3542 hio
240 3490 280 3544 ed.
299 3489 378 3545 Rom.
394 3506 439 3558 pr.
464 3490 517 3544 hoe
541 3488 676 3543 Heinsius
699 3489 743 3542 his
766 3487 964 3543 Dralenboreb
990 3489 1034 3542 his
1058 3489 1182 3561 aligeros

166 3558 287 3628 Ruperti
364 3567 501 3614 44911441
519 3561 602 3614 Biass
