2632 4016
182 143 225 206 42
583 139 652 194 SILI
671 137 807 194 ITALICI

182 305 237 389 Et,
261 309 418 389 quantum
441 307 575 387 terrent,
598 306 728 368 tantum
752 301 932 367 metuentia
954 325 1056 390 regna

183 396 232 458 Ac
253 392 356 458 furias
380 392 451 457 auri
473 413 532 457 neo
554 391 635 456 uilia
658 391 804 474 praemia
826 390 977 455 fraudum
1145 408 1206 460 500

182 481 229 546 Et
252 481 452 564 superhaec
474 480 542 554 ritu
564 479 734 546 horrificos
758 501 795 544 ac
818 501 908 544 more
931 479 1075 545 ferarum

181 569 334 636 Uiuentis
357 573 453 652 rapto
476 570 615 653 populos
639 569 780 652 luxuque
805 568 946 632 solutum

182 657 286 724 Omne
309 659 406 724 decus
430 659 597 742 multaque
622 678 812 741 oppressum
834 660 930 742 nocte
952 656 1120 740 pudorem.

180 747 241 813 Uis
266 746 392 830 colitur,
414 745 556 830 imisque
580 747 689 810 locum
712 745 775 810 sibi
797 744 942 809 uindicat
965 745 1062 830 ensis,

180 835 227 901 Et
249 835 377 919 probris
401 835 498 900 cessit
520 835 635 899 uirtus.
660 855 708 918 00,
732 833 840 918 aspice
864 835 990 919 gentes:
1145 851 1203 904 505

183 923 289 989 Nemo
312 925 437 1006 insons3
460 944 571 1007 pacem
597 925 729 986 seruant
752 921 946 986 commercia
970 923 1093 1007 culpae.

185 1011 248 1077 Sed
272 1034 384 1078 secura
407 1016 464 1076 tua
486 1011 624 1075 fundata
647 1013 684 1075 ut
707 1009 836 1075 moenia
859 1011 972 1075 dextra

180 1100 325 1187 Dignum
348 1105 382 1164 te
406 1103 537 1164 seruent
560 1099 767 1164 memorando
791 1099 854 1163 fine
877 1097 1039 1184 uigorem,

181 1188 300 1254 Dedita
321 1211 380 1254 nec
403 1189 481 1253 fessi
504 1187 692 1252 tramittant
715 1209 853 1272 corpora
875 1186 984 1252 Poeno
1010 1225 1048 1234 —

180 1277 273 1354 Quod
297 1279 403 1343 solum
425 1298 511 1342 nunc
534 1276 603 1341 fata
627 1275 739 1342 sinunt
762 1277 926 1361 seriesque
948 1275 1053 1340 futuri
1078 1315 1116 1326 —
1144 1296 1201 1346 510

180 1365 365 1432 Extendam
390 1367 448 1430 leti
471 1365 568 1430 decus
592 1368 690 1449 atque
713 1365 748 1428 in
771 1363 900 1430 0000010
923 1365 1052 1430 mittam

177 1453 318 1540 Ipsaque
341 1454 491 1519 laudatas
515 1453 555 1516 ad
578 1475 690 1517 manes
713 1475 893 1538 prosequar
915 1453 1074 1519 umbras’.

225 1542 304 1606 Inde
328 1564 441 1607 seuera
464 1541 530 1606 leui
554 1541 725 1606 decurrens
749 1542 879 1606 aethere
902 1541 996 1626 uirgo

177 1629 373 1695 Luctantem
397 1629 474 1694 fatis
498 1629 581 1712 petit
603 1629 806 1694 inflammata
831 1627 1028 1715 Saguntum

177 1719 309 1782 inuadit
333 1721 458 1782 mentes
482 1721 516 1782 et
537 1721 672 1802 pectora
694 1721 775 1782 nota
796 1721 944 1801 pererrat
1142 1739 1198 1788 515

177 1806 397 1890 Immittitque
420 1805 538 1870 animis
560 1828 689 1871 numen.
713 1809 793 1890 tum,
815 1805 890 1870 fusa
912 1807 1071 1890 medullis,

178 1895 332 1980 Implioat
355 1899 452 1979 atque
476 1895 527 1958 sui
549 1894 744 1980 flagrantem
768 1895 908 1979 inspirat
932 1917 1084 1962 amorem.

178 1983 282 2049 Arma
304 1983 420 2048 uolunt
443 1986 636 2066 tentantque
660 2004 775 2068 aegros
799 1983 839 2047 ad
862 1983 989 2067 proelia
1010 1985 1111 2051 nisus.

176 2071 366 2155 insperatus
391 2072 483 2136 adest
505 2072 609 2157 uigor,
632 2072 833 2157 interiusque
856 2076 1004 2137 recursat

178 2160 291 2226 Dulcis
315 2161 419 2225 honor
443 2160 535 2224 diuae
559 2163 592 2224 et
617 2182 745 2225 sacrum
768 2183 828 2244 pro
851 2160 979 2246 uirgine
1002 2161 1114 2228 letum.
1139 2179 1194 2230 520

176 2248 209 2313 10
231 2249 350 2314 0001000
373 2247 469 2312 fessis
492 2271 550 2332 per
573 2249 707 2314 ouantia
728 2253 862 2332 pectora
885 2271 1008 2333 sensus,

176 2337 328 2402 110110οο
352 2337 505 2422 grauiora
528 2337 597 2421 pati
615 2359 798 2421 saeuasque
821 2337 964 2402 ferarum

177 2428 350 2492 Attentare
373 2425 472 2510 dapes
497 2429 530 2490 et
552 2426 673 2490 mensis
697 2425 813 2490 addere
838 2427 968 2491 crimen.

178 2513 240 2580 Sed
261 2514 418 2600 ‘prohibet
441 2515 535 2598 culpa
557 2515 718 2598 pollutam
742 2514 912 2578 extendere
936 2515 1039 2579 lucem

177 2602 277 2669 Casta
299 2603 396 2669 Fides
418 2603 616 2688 paribusque
638 2601 759 2666 famem
790 2623 991 2686 compescere
1015 2625 1113 2667 mem·
1139 2621 1192 2673 525

813 2691 891 2756 bris.

221 2779 326 2855 Quam
350 2781 447 2845 simul
470 2781 595 2848 inuisae
620 2780 726 2865 gentis
750 2779 920 2864 conspexit
943 2779 978 2843 in
1000 2801 1082 2864 0000,

176 2868 277 2933 Forte
299 2869 406 2933 ferens
430 2891 500 2934 sese
523 2869 654 2953 Libycis
680 2865 835 2932 Saturnia
857 2868 985 2952 eastris,

176 2955 368 3042 Uirgineum
392 2957 565 3042 increpitat
587 2957 779 3022 miscentem
800 2957 889 3022 bella
912 2956 1055 3021 furorem

176 3044 296 3129 Atque,
319 3043 368 3108 ira
392 3046 526 3110 turbata
549 3046 695 3132 gradum,
719 3045 782 3110 ciet
806 3046 894 3112 ocius
919 3049 1025 3110 atram

249 3225 301 3274 500
320 3222 361 3274 Ac
375 3224 416 3270 Lr
434 3217 471 3271 nt
485 3223 527 3272 ov
657 3219 779 3275 501800
798 3219 823 3274 si
841 3237 908 3274 cura
926 3219 1062 3274 Heinsius
1080 3236 1191 3279 sessura
1261 3229 1264 3232 '

176 3293 330 3356 (=rusura
348 3291 383 3355 cf.
398 3306 426 3344 0.
442 3293 507 3357 549)
527 3290 613 3346 Rotae
686 3296 737 3346 513
756 3291 814 3345 10οἰ
832 3297 876 3344 cm
894 3290 950 3358 Ep.
964 3295 1002 3346 83
1016 3295 1039 3342 V
1052 3290 1111 3345 ioui
1126 3298 1189 3347 1100

176 3368 227 3416 521
246 3363 273 3417 10
287 3367 372 3414 0th
391 3360 429 3413 Et
443 3364 485 3412 ov
615 3366 666 3415 522
685 3361 839 3430 foedasque
857 3363 1006 3416 Burmann
1024 3392 1058 3402 -
1077 3379 1191 3418 suorum

176 3434 291 3504 Bentley
374 3436 426 3485 526
446 3429 591 3501 conspexit
605 3436 688 3484 cm
712 3433 835 3502 inspexit
849 3436 892 3484 ov
974 3437 1025 3486 529
1040 3433 1083 3488 ira
1097 3439 1133 3486 ch
1147 3441 1189 3490 LE

175 3505 217 3559 ita
235 3509 277 3557 ov
