2632 4014
190 199 255 264 182
593 197 661 253 SILI
679 197 812 254 ITALICI

191 362 314 448 Auriga
336 361 485 426 indocilis
509 365 598 426 totas
622 362 735 426 effudit
757 361 903 426 habenas
1150 379 1206 428 200

188 451 242 528 Et,
265 472 420 534 praeceps
443 449 572 534 trepida
595 450 739 534 pendens
762 452 797 515 in
819 451 955 516 uerbera
977 451 1099 536 planta,

188 539 299 623 Impar
322 538 424 604 fertur
447 539 552 622 equis3
574 537 681 603 fumat
704 541 789 604 male
812 540 958 605 concitus
982 540 1063 624 axis,

189 627 239 693 Ac
263 627 355 693 frena
377 629 499 692 incerto
522 627 654 692 fluitent
678 628 838 692 discordia
862 650 967 693 curru.

189 715 351 782 Cernebat
374 716 494 781 Paulus
525 751 562 762 -
588 738 729 800 namque
751 716 827 781 huic
850 717 1037 782 communia
1059 716 1234 802 Campus*

188 805 266 870 Iura
289 809 388 890 atque
412 827 502 870 arma
525 803 602 869 tulit
625 842 668 850 -
692 803 768 888 labi,
792 810 957 890 mergente
982 805 1116 871 sinistro
1151 821 1206 872 280

190 893 339 979 Consule,
362 916 414 958 res
438 913 633 977 pessumque
657 893 740 978 dari3
764 893 819 956 sed
843 893 975 959 mobilis
998 895 1048 959 ira
1071 899 1122 959 est

190 981 330 1047 Turbati
352 982 452 1066 uulgi,
476 984 668 1067 signatoque
691 985 800 1046 mente
824 982 959 1046 cicatrix

189 1069 351 1136 Undantis
376 1092 475 1156 aegro
498 1071 648 1134 frenabat
670 1071 766 1135 corde
790 1070 926 1136 dolores.

189 1158 277 1224 Nam
300 1181 373 1224 cum
396 1157 578 1242 perdomita
601 1163 649 1222 est
674 1159 774 1224 armis
797 1159 992 1224 iuuenilibus
1016 1160 1094 1224 olim

187 1247 298 1330 Illyris
323 1270 380 1312 ora
402 1247 474 1326 uiri,
496 1247 591 1332 nigro
615 1248 828 1312 allatrauerat
851 1269 906 1312 ore
1150 1265 1206 1314 200

188 1335 356 1404 Uictorem
378 1335 503 1402 inuidia
526 1342 558 1400 et
581 1338 688 1401 uentis
712 1337 851 1402 iactarat
873 1336 1000 1420 iniquis.

187 1425 273 1490 Hinc
295 1425 400 1489 inerat
424 1428 529 1490 metus
553 1428 586 1489 et
609 1425 708 1490 durae
731 1426 913 1490 reuerentia
934 1425 1049 1509 plebis.

190 1512 254 1579 Sed
278 1535 380 1598 genus
404 1515 571 1580 admotum
596 1514 721 1597 superis
745 1535 972 1597 summumque
995 1535 1053 1598 per
1076 1515 1163 1579 altos

188 1603 385 1686 Attingebat
408 1625 487 1666 auos
511 1602 646 1666 caelum.
669 1623 841 1666 numerare
864 1606 1032 1686 parentem

188 1692 387 1755 Assaracum
410 1693 496 1755 retro
520 1691 708 1773 praestabat
730 1689 883 1755 Amulius
908 1695 1021 1755 auctor
1150 1707 1205 1756 295

187 1779 431 1862 Assaracusque
454 1779 580 1861 louem3
601 1799 669 1862 nec,
692 1779 748 1861 qui
771 1783 953 1862 spectasset
974 1779 1008 1843 in
1032 1781 1141 1862 armis,

189 1867 358 1932 Abnueret
381 1887 491 1952 genus.
514 1866 590 1930 huic
614 1865 733 1930 Fabius
756 1867 821 1931 iam
846 1871 953 1932 castra
976 1868 1113 1951 petenti:

188 1954 240 2020 ‘si
263 1956 326 2020 tibi
349 1977 423 2020 cum
447 1953 546 2039 Tyrio
570 1954 672 2019 credis
694 1955 765 2020 fore
789 1955 932 2020 maxima
955 1956 1042 2020 bella

188 2045 332 2110 Ductore
351 2081 394 2090 —
414 2045 537 2108 inuitus
557 2065 669 2108 uocem
691 2044 777 2108 hanc
796 2065 813 2108 e
833 2049 962 2128 pectore
980 2067 1129 2128 rumpam
1162 2083 1200 2092 —

187 2133 381 2217 Frustraris,
404 2132 514 2217 Paule.
545 2131 728 2196 Ausonium
750 2137 782 2196 te
807 2133 931 2215 proelia
955 2133 1026 2197 dira
1149 2150 1204 2200 300

188 2222 299 2306 Teque
322 2221 428 2286 hostis
452 2221 567 2285 castris
590 2221 722 2304 grauior
745 2227 856 2285 manet
874 2258 917 2268 —
937 2228 994 2286 aut
1016 2243 1077 2307 ego
1097 2224 1204 2289 multo

188 2309 412 2395 Nequicquam
436 2309 534 2374 didici
557 2330 651 2373 casus
675 2331 887 2393 praenoscere
910 2309 1025 2374 Marte.

191 2399 412 2484 Spondentem
440 2397 551 2462 audiui
575 2433 614 2442 —
640 2396 732 2482 piget
754 2397 818 2462 heu
847 2399 1019 2482 taedetque
1047 2403 1207 2484 senectae,

191 2487 235 2570 si,
259 2509 339 2572 quas
362 2486 534 2572 prospicio,
557 2490 661 2550 restat
683 2507 820 2570 passura
842 2487 967 2552 ruinas!
992 2525 1033 2534 -

190 2575 271 2642 Oum
296 2577 374 2640 duce
397 2579 465 2640 tam
488 2574 591 2640 fausti
613 2572 739 2656 Martis,
762 2597 826 2660 qua
849 2575 969 2640 uiderit
991 2576 1082 2658 hora,
1149 2591 1204 2641 300

193 2663 406 2749 Sumpturnm
428 2685 581 2749 pugnam,
606 2668 762 2747 quantum
777 2686 883 2746 nunc,
906 2665 1020 2745 Paule,
1050 2686 1204 2749 supremo

188 2754 354 2819 Absumus
379 2753 487 2836 exitio,
510 2774 623 2818 uocem
645 2752 729 2816 hano
753 2751 782 2815 si
805 2753 947 2818 consulis
971 2753 1087 2818 ardens

189 2842 327 2907 Audiuit
349 2842 490 2907 Poenus!
513 2842 577 2905 iam
602 2841 681 2904 latis
705 2839 803 2904 obuia
826 2841 920 2906 credo

356 2987 403 2994 —.-

261 3073 314 3124 280
329 3068 428 3124 effudit
450 3073 489 3120 ch
516 3066 635 3122 effundit
652 3071 717 3119 Lov
744 3065 913 3121 infundit!
1057 3073 1109 3124 283
1128 3071 1205 3124 Atr.

190 3147 244 3196 284
262 3157 382 3210 namque
400 3145 423 3192 v
450 3155 516 3192 nam
534 3144 595 3192 020
662 3143 725 3192 285
745 3139 906 3207 emergente
925 3138 1014 3194 Bothe
1090 3145 1141 3195 286
1160 3141 1205 3196 ira

190 3218 234 3268 eet
252 3217 311 3264 008
329 3210 372 3266 ira
390 3212 449 3266 cdd.
527 3215 579 3265 287
598 3209 700 3280 uulgus
720 3215 736 3261 8
818 3214 870 3263 280
889 3209 1067 3264 iuuenalibus
1081 3211 1204 3282 Ruperti

191 3285 239 3352 (cf.
255 3284 297 3338 Π.
313 3285 378 3350 312)
433 3286 486 3336 291
500 3279 612 3335 Inuidia
630 3281 750 3350 Ruperti
808 3284 860 3334 295
880 3279 1047 3335 emollires
1102 3287 1153 3338 296
1168 3299 1205 3338 00

190 3356 239 3424 qui
257 3359 322 3407 HV
349 3370 440 3422 neque
460 3358 478 3405 0
587 3355 640 3406 300
658 3350 752 3406 Paule.
771 3348 925 3405 Ausonium
943 3353 973 3405 te
992 3352 1063 3408 Lac.
1085 3354 1206 3410 Mueller

189 3429 216 3482 d.
227 3443 250 3481 r.
260 3443 295 3480 m.
301 3442 332 3495 p.
344 3428 398 3480 173
417 3421 562 3478 ausoniam
573 3429 590 3474 e
609 3421 705 3489 Paule,
715 3419 877 3476 Ausoniam.
886 3425 915 3476 te
925 3424 1010 3491 culpo
1061 3429 1113 3480 303
1124 3441 1205 3494 prae·

190 3502 331 3552 nosceres
346 3511 511 3564 pernoscere
521 3494 580 3550 edd.
590 3499 654 3548 cett.
666 3524 699 3534 -
709 3495 797 3547 marte
807 3497 848 3545 80
863 3493 892 3546 in
902 3496 963 3547 arte
972 3498 1016 3545 ΙΝ
1071 3500 1122 3550 300
1134 3504 1206 3552 oras

189 3570 237 3634 (cs.
252 3567 313 3623 III.
329 3571 394 3635 141)
468 3571 520 3620 308
538 3563 669 3618 Audierit
687 3565 821 3618 Haterius
