2632 4016
182 193 226 256 34
583 189 653 245 SILI
671 190 807 246 ITALICI

185 355 231 420 Et
253 362 348 439 rapto
371 354 495 418 cineres
519 357 570 418 ter
593 353 712 419 circum
737 375 871 438 corpore
891 353 1019 417 lustrat.
1134 391 1136 394 -

181 443 270 509 Hinc
293 443 392 508 letale
415 441 477 506 uiri
500 442 602 506 robur
624 443 830 526 tegimenque
853 441 1056 506 tremendum
1153 501 1156 506 .

183 531 224 596 ln
246 531 395 597 flammas
419 530 557 616 iaciunt,
581 531 796 614 ambustoque
821 551 876 595 ore
901 529 1056 615 genisque

183 620 336 686 Deforme
360 620 493 685 alitibus
517 619 640 702 liquere
665 619 805 684 cadauer
824 617 966 683 Hiberis.

226 709 411 774 Poenorum
433 707 559 789 interea
582 708 653 791 quis
676 729 786 772 rerum
811 729 938 772 summa
960 709 1118 791 potestas,
1145 723 1204 772 270

183 795 380 862 Consultant
403 797 491 861 bello
516 818 622 880 super,
645 800 679 860 et
702 817 783 880 quae
807 795 894 875 dicta
917 795 1064 860 ferantur

182 882 348 951 Ausoniae
371 885 510 968 populis,
533 888 761 968 oratorumque
785 884 904 950 minaci

183 974 333 1039 aduentu
356 973 531 1058 trepidant.
555 977 666 1037 mouet
688 971 765 1037 hinc
787 972 963 1056 foedusque
986 971 1130 1055 fidesque

182 1062 228 1127 Et
251 1066 352 1128 testes
377 1061 486 1146 superi
508 1061 680 1145 iurataque
703 1063 800 1146 pacta
823 1063 1005 1149 parentum,

181 1150 268 1216 Hinc
291 1151 458 1236 popularis
483 1171 575 1214 amor
598 1150 782 1234 coeptantis
807 1171 927 1234 magna
950 1148 1119 1233 iuuentae,
1144 1164 1200 1214 275

183 1239 228 1304 Elt
252 1260 382 1323 sperare
405 1240 497 1304 iuuat
520 1238 599 1303 belli
622 1239 767 1303 meliora.
792 1238 857 1322 sed,
882 1237 959 1302 olim

182 1327 360 1394 Ductorem
383 1328 542 1392 infestans
567 1326 650 1392 odiis
674 1327 861 1413 gentilibus,
884 1325 1028 1392 Hannon

182 1415 235 1481 Sic
259 1416 339 1482 adeo
363 1416 538 1499 increpitat
562 1415 669 1480 studia
692 1415 924 1500 incautumque
946 1415 1107 1480 fauorem:

182 1503 327 1570 ‘Cuncta
351 1505 489 1589 quidem,
517 1508 637 1588 patres,
662 1541 703 1550 -
727 1525 832 1588 neque
856 1503 943 1567 enim
963 1503 1114 1568 cohibere
1138 1503 1201 1566 mi·
1297 1568 1301 1574 ,

823 1599 960 1656 nantum

182 1681 254 1745 Irae
278 1703 312 1745 se
335 1681 465 1744 ualuere
491 1715 528 1726 -
554 1684 708 1763 premunt
730 1679 904 1744 formidine
927 1701 1049 1744 uocem.
1144 1695 1199 1744 280

185 1767 283 1833 Haud
310 1772 420 1832 tamen
451 1767 651 1852 obstiterim,
678 1773 818 1832 mortem
844 1767 922 1832 licet
951 1791 1042 1832 arma
1065 1769 1199 1852 propin-

822 1859 930 1938 quent.
969 1881 970 1884 ¹

181 1944 341 2010 Testabor
365 1966 500 2028 superos
525 1948 557 2008 et
580 1945 669 2009 caelo
691 1949 771 2009 nota
789 1945 982 2029 relinquam,
1101 2014 1103 2018 ,

184 2031 273 2108 Quae
295 2036 463 2116 postrema
487 2033 574 2098 salus
598 2055 705 2098 rerum
727 2035 919 2118 patriaeque
937 2035 1089 2117 reposcit.

182 2120 251 2186 Nec
273 2143 359 2186 nunc
383 2121 516 2186 obsessa
540 2121 669 2186 demum
693 2125 725 2186 et
747 2121 893 2187 fumante
918 2120 1065 2206 Sagunto

183 2209 272 2275 Haec
295 2231 385 2274 serus
409 2212 501 2273 uates
526 2209 669 2274 Hannon
687 2210 788 2296 canit3
811 2210 907 2276 anxia
930 2212 1003 2294 rupi
1144 2228 1197 2276 285

184 2299 330 2380 Pectora,
352 2319 393 2362 ne
417 2299 532 2362 castris
555 2298 770 2362 innutriretur
793 2302 826 2363 et
850 2301 950 2363 armis

180 2387 324 2451 Exitiale
348 2389 455 2470 caput,
478 2387 589 2451 monui
612 2392 653 2471 et,
677 2387 752 2450 dum
775 2387 854 2470 uita,
877 2387 1026 2472 monebo,

181 2474 368 2562 ingenitum
390 2496 528 2540 noscens
553 2474 641 2541 uirus
664 2475 827 2558 flatusque
849 2479 1013 2559 paternos.

181 2563 237 2649 Ut,
261 2565 316 2649 qui
340 2563 507 2648 stelligero
532 2563 716 2646 speculatur
739 2563 846 2628 sidera
870 2564 969 2646 caelo,

180 2651 362 2718 Uenturam
386 2651 495 2736 pelagi
513 2652 638 2716 rabiem
662 2650 822 2735 (laurique
845 2651 955 2715 futura
1144 2669 1200 2719 290
1309 2687 1310 2692 ¹

180 2739 345 2806 Praedicit
368 2741 495 2805 miseris
518 2739 607 2804 haud
629 2761 733 2804 uanus
756 2739 888 2805 flamina
911 2739 1030 2805 nautis.

183 2828 338 2894 Consedit
361 2829 444 2894 solio
467 2850 639 2912 rerumque
663 2829 784 2910 inuasit
806 2829 950 2892 habenas
977 2865 1015 2874 —

183 2917 274 3003 Ergo
298 2917 397 2981 armis
421 2917 534 2982 foedus
558 2916 671 3002 fasque
695 2938 790 2981 omne
814 2916 1019 3002 abrumpitur
1043 2917 1152 3002 armis,

252 3131 303 3181 267
323 3124 395 3179 Hinc
415 3131 434 3178 0
462 3124 534 3179 Huic
555 3131 619 3180 227
639 3157 672 3166 -
695 3125 877 3195 tegimenque
895 3131 939 3178 LV
965 3128 1136 3195 tegmenque
1151 3133 1197 3180 20

180 3201 232 3252 272
258 3197 397 3251 Ausoniae
429 3195 541 3266 populis
570 3203 585 3249 2
621 3196 761 3252 Ausoniae
789 3214 807 3250 a
836 3195 949 3266 populis
976 3201 1013 3248 (th
1041 3227 1073 3236 —
1106 3197 1199 3251 mina-

183 3285 244 3323 cem
271 3268 432 3322 Aduentum
460 3284 516 3322 aaa
540 3267 611 3322 Vera
754 3272 806 3322 275
835 3268 992 3336 coeptantis
1017 3272 1054 3319 ch
1082 3270 1198 3336 captan-

181 3339 219 3393 tis
234 3343 276 3391 20
296 3337 470 3408 captantish
489 3341 518 3406 (a
531 3353 669 3408 suprascr.
684 3356 719 3393 m.
733 3341 765 3405 2)
782 3336 922 3408 captantis
937 3343 960 3390 v
1046 3344 1097 3392 276
1117 3337 1197 3394 bello

181 3411 226 3464 ael
243 3409 326 3464 bellis
345 3409 495 3464 Romana
568 3413 618 3462 277
639 3409 759 3463 Hannon
774 3414 810 3461 ch
824 3408 869 3477 (T.
884 3427 911 3478 p.
925 3412 993 3476 203)
1031 3415 1083 3464 279
1094 3407 1201 3464 Cuncti

184 3479 314 3548 equidem
332 3481 482 3536 Masurius
500 3486 526 3534 et
543 3479 681 3534 Heinsius
824 3485 875 3534 282
894 3481 962 3534 nota
977 3485 1042 3532 chF
1053 3481 1195 3534 uotaLOV

182 3556 234 3608 289
254 3551 413 3622 speculatus
432 3551 568 3608 Heinsius
639 3555 690 3603 222
711 3549 878 3605 Consedito
904 3549 1039 3604 Concedit
1052 3555 1116 3602 222
