2632 4014
387 237 397 246 „
438 154 653 211 PUNICORUM
670 154 780 210 LIBER
802 155 835 211 X.
1088 154 1152 220 237

134 319 287 386 Officium
309 319 422 384 infelix
446 323 479 384 et
502 340 618 383 munus
641 317 739 382 inane
762 317 947 402 peremptis

135 409 247 474 Donec
271 407 456 473 anhelantis
481 411 599 492 stagna
621 406 655 470 in
678 405 844 470 Tartessia
867 405 1018 470 Phoebus

134 497 250 562 Mersit
273 519 382 582 equos,
403 495 597 582 fugiensque
620 494 697 579 polo
721 493 852 559 Titania
874 516 1002 559 caecam

135 585 252 651 Orbita
274 585 418 669 nigranti
440 585 542 649 traxit
565 584 705 669 caligine
728 587 866 648 noctem,

136 674 225 758 Post,
248 674 305 739 ubi
327 674 489 739 fulserunt
511 672 625 758 primis
648 671 869 737 Phaethontia
890 670 984 735 frena
1097 687 1148 737 540

136 762 283 848 Ignibus,
306 766 403 847 atque
428 762 479 826 aui
500 762 596 827 terris
621 761 743 825 rediere
767 761 901 846 colores,

137 852 332 936 Supponunt
353 851 521 915 flammam
544 853 577 914 55
600 849 767 914 manantia
790 871 928 934 corpora
952 849 1027 914 fabo

134 939 258 1006 Hostili
280 940 397 1004 tellure
420 942 573 1003 cremant.
597 938 685 1002 subit
706 937 839 1002 horrida
861 941 1003 1002 mentem

136 1029 289 1094 Formido
312 1027 428 1092 incerti
452 1049 555 1111 casus,
577 1027 760 1110 tacitusque
783 1031 930 1110 pererrat

137 1116 259 1182 Intima
283 1116 380 1182 corda
402 1137 513 1201 pauor,
538 1115 566 1179 si
588 1115 656 1179 fors
679 1115 728 1180 ita
750 1114 868 1180 Martis
891 1115 995 1201 iniqui
1098 1130 1149 1180 645

136 1205 215 1272 Mox
237 1205 331 1286 ferat,
354 1204 415 1270 hac
437 1204 518 1288 ipsis
541 1204 672 1269 inimica
696 1205 770 1269 sede
793 1204 972 1270 iacendum.

136 1295 183 1359 At
205 1294 276 1378 tibi,
298 1294 506 1378 bellipotenS‚
531 1315 667 1376 sacrum,
691 1297 895 1359 constructus
920 1315 1034 1359 aceruo

136 1383 267 1468 Ingenti
290 1405 384 1447 mons
408 1403 572 1446 armorum
596 1383 752 1466 surgebat
775 1383 816 1446 ad
841 1385 937 1448 astra.

135 1471 219 1554 Ipse,
243 1494 341 1536 manu
365 1472 483 1536 celsam
507 1471 621 1554 pinum
642 1471 836 1555 flammaque
859 1475 1043 1559 comantem

130 1559 313 1638 'Attollens
336 1560 450 1624 ductor
473 1559 653 1624 Gradiuum
676 1561 711 1624 in
733 1563 812 1624 uota
835 1561 953 1625 ciebat:
1098 1574 1150 1626 550

139 1647 259 1712 ‘Primi
261 1649 323 1713 tias
346 1669 475 1734 pugnae
499 1655 532 1713 et
555 1649 633 1713 laeti
655 1649 812 1713 libamina
834 1648 915 1712 belli

136 1736 304 1802 Hannibal
327 1735 474 1803 Ausonio
498 1741 621 1802 cremat
643 1737 724 1802 haec
747 1737 786 1801 de
809 1737 940 1802 nomine
963 1737 1078 1822 uictor,

137 1825 183 1892 Et
206 1826 276 1910 tibi,
299 1825 388 1892 Mars
413 1827 549 1912 genitor,
572 1829 724 1890 uotorum
747 1825 835 1890 haud
855 1826 950 1890 5111115
973 1848 1129 1942 meorum,

138 1915 240 1979 Arma
263 1915 367 1980 515555
390 1915 477 1980 dicat
501 1915 626 1998 spirant
627 1935 693 1976 11111
704 1913 857 1978 turba
824 1915 990 1980 uirorum?

139 2003 231 2088 Tum,
253 2004 325 2067 face
348 2004 473 2068 55111555
475 2025 503 2087 5,
525 2002 661 2086 populat
662 2023 700 2066 ur
647 2001 899 2068 tferuidus
889 1987 976 2090 1gnis
1099 2017 1166 2069 556.

138 2055 298 2176 Flagiant
299 2113 351 2156 em
374 2091 503 2174 molem,
527 2095 567 2171 et,
591 2095 687 2174 rupta
711 2091 891 2176 caligine,
881 2115 916 2156 m
939 2115 1034 2158 auras

138 2179 242 2246 Actus
266 2201 348 2282 apex
372 2179 459 2245 claro
482 2142 647 2264 perfimdit
669 2180 791 2244 lumine
815 2203 956 2264 campos

138 2267 293 2334 Hinct
248 2272 293 2334 515
295 2290 331 2332 us
356 2267 397 2332 ad
419 2269 579 2332 tumulum
604 2268 785 2353 donataque
808 2269 923 2334 funera
944 2270 1048 2334 Paulo

137 2357 213 2422 Ibat
237 2362 270 2422 et
292 2357 423 2422 hostilis
447 2357 494 2422 let
496 2358 507 2421 i
529 2357 673 2423 iactabat
694 2358 860 2423 honorem.

138 2443 319 2510 Sublimem
342 2446 479 2511 eduxere
501 2469 619 2532 pyram
642 2447 812 2532 mollisque
835 2446 955 2511 uirenti
1098 2459 1150 2512 560

140 2532 303 2600 Stramine
326 2557 537 2620 composuere
560 2540 660 2600 toros.
685 2534 893 2620 superaddita
858 2535 1011 2620 tdcna,

138 2622 322 2688 Funereum
345 2625 453 2688 decus·
478 2623 651 2706 expertis
641 2624 766 2688 muisus
791 2627 824 2688 et
847 2624 932 2688 ensis

138 2711 184 2776 nt
170 2712 339 2796 tclipeus‚
361 2715 530 2795 terrorque
553 2711 708 2776 modot
674 2715 770 2812 atque
793 2711 921 2798 insigne
946 2712 1129 2797 superbum,

139 2800 222 2865 Tum
245 2799 344 2866 laceri
366 2799 469 2866 fasces
494 2803 671 2884 captaeque
694 2800 728 2864 in
750 2799 857 2865 Marte
881 2823 1017 2880 secures

138 2887 217 2953 Non
240 2889 356 2954 coniux
378 2889 489 2953 natiue
514 2888 657 2974 aderant,
679 2911 745 2953 non
767 2889 878 2954 iuncta
899 2891 1082 2974 propinquo
1098 2904 1149 2955 565

140 2977 306 3061 Sanguine
329 2976 427 3042 turba
450 2977 566 3059 uirum,
590 2981 646 3042 aut
670 2977 765 3042 celsis
789 2978 828 3042 de
851 3001 941 3044 more
965 2978 1090 3043 feretris

138 3064 337 3130 Praecedens
361 3066 470 3150 prisca
493 3065 642 3151 exequias
667 3066 841 3132 decorabat
864 3067 983 3153 image.

212 3240 335 3294 5461155
354 3239 491 3296 Heinsius
509 3243 554 3296 ast
574 3247 590 3294 6
612 3257 646 3296 55
664 3241 724 3297 cdd.
749 3243 834 3309 atque
853 3243 985 3310 Lefcbarc
1004 3271 1037 3282 -
1056 3240 1149 3296 iacen-

138 3315 256 3367 51111105
324 3314 375 3365 547
395 3314 469 3366 555
495 3313 536 3366 Ac
554 3317 591 3364 611
615 3310 668 3367 Ast
685 3313 745 3368 edd.
822 3313 1150 3379 54955551551115,5515

138 3385 171 3438 ia
189 3387 212 3434 V
231 3398 299 3436 corr.
372 3388 424 3437 550
443 3385 592 3438 notabov
610 3391 722 3438 nouat
794 3388 847 3438 554
861 3385 1042 3453 superantum
1060 3383 1149 3440 Heia·

138 3456 198 3510 sias
241 3457 294 3508 563
303 3454 449 3522 terrorque
457 3453 596 3508 modums
615 3457 704 3509 terror
711 3453 871 3509 Nomadum
880 3456 972 3512 Barth
1012 3459 1064 3510 564
1078 3457 1150 3514 deest

138 3527 171 3580 ia
190 3524 246 3580 Cel.
267 3524 313 3594 (T.
329 3541 359 3595 p.
373 3529 440 3594 173)
456 3555 489 3566 -
504 3524 590 3580 laceri
608 3529 651 3578 ov
673 3525 757 3580 lateri
775 3532 816 3578 1AE
