2596 4010
177 141 242 206 120
324 105 338 159 ·'
451 182 455 190 .
574 137 795 195 auriniaci

174 303 247 368 Ηο0
269 301 373 366 trahit
396 303 437 366 ad
462 303 567 366 manis
591 301 724 367 dext'
651 305 712 367 tra.
763 301 847 367 Tum
870 302 972 368 librat
996 305 1037 368 ab
1064 325 1150 370 anre

178 391 375 475 Intorquens
399 391 542 456 iaculum
566 395 599 456 et
623 395 807 473 uersantem
830 392 864 456 in
887 392 1021 457 uulnere
1045 415 1124 458 sese

176 477 354 564 Transigit.
378 483 526 546 extracta
549 479 694 546 foedauit
717 468 848 565 cuspide
872 481 1004 566 sanguis

85 648 87 652 Ι
179 567 287 632 Canit'
263 578 342 632 trem
366 573 399 633 05
422 569 539 654 longos
562 569 670 634 finiuit
694 574 799 634 morte
823 570 960 636 labores

177 656 247 722 Nec
270 657 377 721 minus
400 657 614 722 Herminium·
627 658 740 742 primis
765 659 823 723 obt
809 658 971 723 t‘runoat
962 681 997 722 rn
1015 659 1133 744 armin,
1150 677 1208 727 580

177 746 365 830 Assuetum,
389 746 640 830 Thrasymenne,
664 751 737 811 tuos
760 747 994 831 praedantibus
1017 746 1132 814 hamis

175 833 358 899 Exhaurire
381 836 470 899 lacus
493 836 683 920 patriaeque
707 835 862 900 alimenta
885 840 1035 900 senectae

174 921 299 987 Ducere
323 945 480 1007 suspenso
504 945 561 1006 per
585 927 702 1009 stagna
724 924 864 988 iacentia
886 923 963 988 lino.

222 1011 352 1076 interea
376 1013 559 1076 exanimum
584 1012 702 1077 maesti
725 1034 821 1096 super
845 1035 936 1076 arma
959 1011 1151 1097 Sychaeum

173 1098 358 1164 Portabant
381 1101 483 1164 Poeni
505 1121 685 1184 corpusque
708 1101 742 1164 in
765 1105 873 1166 castra
896 1100 1056 1166 ferebant.
1148 1120 1204 1170 585

176 1187 264 1263 Quos
288 1188 344 1252 nbi
368 1189 536 1273 conspexit
559 1189 648 1253 tristi
672 1189 813 1254 clamore
836 1190 961 1253 ruentis

173 1276 306 1354 Ductor,
329 1298 488 1362 praesago
511 1299 684 1362 percussus
708 1282 840 1362 pectora
863 1279 965 1342 luctu:

174 1364 354 1450 ‘Quinam'
378 1367 491 1450 inqui,
469 1365 641 1452 t,‘dolor
664 1389 683 1430 o
707 1365 800 1451 socii,
824 1388 961 1450 quemue
984 1367 1034 1431 ira
1057 1367 1205 1434 deorum

173 1452 306 1537 Eripuit
328 1454 445 1518 nobis?
470 1477 548 1519 num
571 1459 613 1539 te,
637 1453 804 1520 dulcedine
828 1455 935 1520 laudis

175 1541 335 1634 Flagrant
336 1565 386 1606 em
411 1546 443 1606 et
466 1543 567 1607 nimio
591 1543 690 1628 primi
712 1543 852 1608 Mauort'
828 1547 871 1608 trs
896 1565 1014 1644 amore,
1146 1562 1204 1612 590

173 1629 220 1694 Α5
206 1634 266 1714 5,10
291 1629 444 1714 Sychaeo,
468 1631 536 1694 dies
560 1635 735 1716 properato
757 1631 869 1696 funere
893 1633 1016 1717 carpsit
1002 1631 1054 1697 t?'

172 1681 362 1802 thriet
307 1718 382 1783 dato
408 1719 508 1803 gemit
510 1743 529 1782 u
494 1719 706 1784 tlacrimae
730 1742 896 1785 assensere
919 1719 1093 1806 ferentum,
1161 1749 1163 1752 ·

173 1805 220 1870 ut
245 1807 309 1870 dict
311 1829 348 1870 us
373 1808 495 1888 pariter
518 1808 625 1872 caedis
650 1810 868 1873 maerentibus
893 1815 1018 1874 auctor:

174 1893 317 1975 ‘Darna'
341 1894 396 1976 ait,
374 1894 570 1972 taduerso
594 1898 765 1980 pulchrum
790 1898 849 1962 sub
872 1901 1003 1980 pectora
1026 1897 1157 1964 uulnus

176 1981 327 2066 Cuspidis
351 1946 477 2050 Iliacae.
501 1985 618 2086 dignus
642 1983 849 2072 Carthagine,
873 1987 990 2072 dignus
1143 2006 1202 2054 595

172 2071 380 2137 Hasdrubale
405 2073 444 2137 ad
468 2073 573 2138 manis
596 2074 674 2159 ibis3
698 2097 757 2140 neo
781 2079 813 2138 50
838 2075 962 2159 optima
984 2078 1092 2139 mater

174 2159 377 2224 Dissimilem
400 2162 527 2248 lugebit
551 2164 629 2246 auis,
653 2125 807 2248 Stygiaue
831 2165 891 2229 sub
915 2164 1031 2228 umbra

173 2248 376 2335 Degenerem
401 2273 535 2314 cernens
558 2255 671 2314 noster
694 2251 813 2316 uitabit
837 2251 1012 2316 Hamilcar.

172 2339 220 2402 At
244 2337 324 2402 mihi
347 2336 539 2423 Flaminius,
561 2344 631 2404 tam
654 2342 771 2404 maesti
795 2362 892 2404 causa
916 2340 1048 2418 doloris,

171 2425 279 2492 Morte
303 2449 362 2492 sua
385 2429 511 2492 minuat
534 2429 649 2492 luctus.
672 2429 752 2493 haec
774 2450 895 2512 pompa
918 2432 1071 2512 sequetur
1139 2449 1199 2498 000

173 2515 347 2600 Exequias,
371 2539 507 2601 seroque
531 2521 676 2600 emptum
699 2517 789 2581 uolet
811 2516 912 2601 impia
934 2515 1048 2601 Roma,

170 2603 248 2669 Non
270 2603 411 2670 uiolasse
435 2607 499 2670 mei
500 2627 639 2758 tcorpus
663 2627 816 2669 mucrone
841 2603 999 2689 Sychaei'

218 2691 270 2757 Sic
294 2716 476 2759 memorans
500 2697 632 2779 ttorque
618 2693 783 2758 tfumant
769 2699 835 2759 tem
859 2717 898 2758 ex
921 2715 976 2758 ore
999 2715 1172 2780 uaporem,

171 2779 289 2866 Iraque
313 2783 445 2848 anhelat
431 2788 502 2848 tum
525 2786 601 2867 prot
587 2783 700 2847 turbat
723 2787 856 2866 pectore
879 2805 1034 2866 murmur,

245 2941 295 2990 577
315 2937 443 3019 uulnere]
461 2938 577 3008 puluere
597 2939 706 2992 Gronov
891 2945 942 2994 579
962 2939 991 2992 et
1010 2945 1026 2992 5
1050 2954 1084 2992 ac
1102 2941 1193 3022 uulgo

171 3008 273 3063 58010
293 3009 372 3062 annis
390 3009 563 3064 1000500500Ι
551 3028 583 3063 000
597 3011 636 3064 05.
652 3011 741 3064 Baac‘l
757 3014 829 3064 1543
845 3011 890 3078 (Τ.
906 3027 935 3079 p.
952 3015 1020 3078 199)
1073 3011 1155 3063 583
1146 3029 1190 3064 ra-

170 3077 267 3134 centia
285 3083 321 3131 051
339 3078 459 3160 latentia
478 3087 495 3136 Β,
512 3079 640 3148 patentia
658 3081 703 3135 0005
720 3080 812 3134 uirent
813 3080 842 3134 ia
859 3081 980 3150 Ruperti
1064 3084 1118 3134 584
1138 3097 1191 3135 ex·
1279 3077 1280 3086 ’

168 3148 297 3204 animum
316 3155 357 3202 LE
376 3149 532 3204 exanimem
552 3155 593 3204 ov
636 3155 687 3205 588
707 3167 827 3219 quemue
847 3157 883 3203 ch
901 3167 973 3219 quae
991 3153 1020 3205 to
1035 3151 1191 3207 Liuineius

170 3221 258 3290 (aa
272 3224 340 3288 199)
361 3227 487 3288 queuao
588 3226 639 3275 589
658 3221 777 3276 uobisI.
872 3228 922 3276 591
943 3221 1043 3276 mersit
1061 3223 1188 3293 Bentley,

169 3294 217 3347 aed
232 3293 265 3359 cf.
283 3293 377 3346 XIII.
393 3297 450 3348 627
573 3298 624 3346 592
643 3291 767 3362 thues
786 3299 811 3348 0
799 3292 973 3348 5550500009
992 3293 1037 3360 (Τ.
1047 3309 1078 3362 p.
1092 3298 1149 3348 199
1162 3301 1189 3349 et

167 3367 238 3430 202)
258 3365 350 3430 Atque
369 3365 409 3418 05.
426 3365 542 3418 Marsua
561 3364 662 3432 aliique
826 3371 877 3418 593
897 3363 988 3418 dictus
1007 3369 1027 3415 Ε
1047 3363 1187 3418 doctusI·

172 3433 274 3488 duetus
294 3439 336 3486 ov
419 3440 471 3489 500
490 3434 600 3488 minuat
619 3439 677 3488 0115
695 3434 804 3490 minuet
821 3437 906 3505 culpo
992 3441 1044 3488 601
1064 3451 1186 3502 caroque

170 3503 287 3574 Bentley
306 3521 424 3574 rareque
443 3505 577 3560 Schrader
