2632 4016
165 171 210 233 44
568 167 637 224 SILI
654 165 787 223 ITALICI

166 332 332 414 Eumenis,
355 337 389 396 in
412 331 536 396 medios
558 331 710 414 irrumpit
733 331 863 396 turbida
886 333 998 396 coetus

165 422 212 487 Et
235 424 379 486 maestas
405 419 550 485 lacerata
571 441 686 505 genas:
712 418 809 495 ‘Quis
837 418 1040 484 terminus‘l’
1065 421 1112 486 in·
1131 437 1190 488 550
1295 423 1297 460 ³

830 507 878 572 uit

167 596 245 663 ‘sac
267 596 360 662 Fidei
382 597 578 682 proauisque
602 596 729 660 datum!
752 530 828 660 uidi
843 559 915 680 ipis
937 600 1116 682 cruentum,

166 687 244 770 Ipsa
267 708 375 750 meum
399 685 468 750 uidi
490 685 633 772 lacerato
657 686 790 749 uulnere
813 689 944 749 nostras

167 775 356 839 Torrentem
379 771 527 839 Murrum
550 778 662 838 noctes
686 777 719 838 et
743 773 814 838 dira
838 777 1022 840 sonantem:

168 863 269 948 Eripe
292 866 334 945 te,
359 862 486 944 coniux,
509 861 712 926 miserandae
736 863 865 926 casibus
888 862 979 926 urbis

169 952 217 1018 Et
234 950 322 1036 fuge,
345 951 374 1014 si
397 955 501 1015 terras
527 949 642 1014 adimit
664 950 803 1014 uictoria
825 949 935 1033 Poeni,
1132 967 1189 1016 565

171 1040 224 1105 Ad
247 1061 369 1123 manes,
393 1038 548 1121 Tiburna,
572 1060 676 1122 meos3
700 1038 840 1104 cecidere
864 1043 1006 1122 penates,

171 1127 356 1194 Occidimus
380 1126 505 1211 Rutuli,
528 1130 619 1191 tenet
643 1128 754 1192 omnia
776 1127 917 1192 Punicus
942 1127 1037 1192 ensis.

169 1216 263 1281 Mens
287 1217 409 1300 horret,
431 1237 490 1281 neo
514 1215 620 1280 adhuc
643 1216 744 1281 oeulis
769 1216 901 1281 absistit
921 1215 1041 1300 imago.

170 1305 314 1371 Nullane
337 1305 402 1369 iam
426 1303 564 1388 posthac
586 1309 645 1368 tua
667 1308 762 1389 55555,
788 1302 942 1389 Sagunte,
965 1303 1107 1369 uidebo?

169 1393 273 1479 Felix,
294 1391 412 1478 Murro,
436 1393 523 1457 necis
546 1393 717 1478 patriaque
741 1393 916 1476 superstite
938 1391 1026 1458 felix.
1130 1407 1187 1458 570

172 1482 311 1565 Atros,
335 1480 476 1546 Sidoniis
498 1481 694 1545 famulatum
718 1481 879 1546 matribus
899 1484 997 1564 actas,

171 1571 255 1636 Post
277 1569 358 1634 belli
382 1591 476 1634 casus
500 1569 650 1652 uastique
673 1569 819 1652 pericula
842 1569 936 1652 ponti

171 1658 337 1743 Carthago
362 1657 498 1742 aspiciet
520 1657 650 1740 uictrix3
674 1657 869 1740 tandemque
893 1679 1045 1740 suprema

170 1746 277 1812 Nocte
302 1745 401 1828 obita,
423 1744 548 1829 Libyae
572 1745 697 1830 gremio
722 1745 853 1829 captiua
876 1744 998 1810 iacebo.

172 1834 236 1900 sed
259 1856 328 1918 uos,
352 1856 370 1899 0
389 1833 532 1915 iuuenes,
555 1835 660 1898 uetuit
684 1855 765 1917 quos
789 1833 918 1898 conscia
940 1833 1046 1898 uirtus
1133 1850 1190 1900 575
1301 1837 1302 1860 l

171 1923 273 1988 Posse
297 1922 378 2005 capi,
402 1922 474 2006 quis
493 1922 595 1986 telum
613 1921 729 2006 ingena
748 1927 861 1987 contra
880 1943 995 2006 aspera
1017 1943 1107 1988 mors
1126 1929 1189 2005 est,
1302 1994 1303 2014 q

172 2011 301 2078 Uestris
326 2010 458 2075 seruitio
482 2009 633 2074 manibus
658 2011 826 2075 subducite
850 2016 980 2076 matres.

171 2099 285 2165 Ardua
307 2099 464 2163 uirtutem
486 2098 612 2182 profert
634 2100 700 2164 uia.
722 2099 849 2183 pergite
872 2099 969 2182 primi

172 2187 242 2253 Neo
264 2187 394 2251 facilem
417 2188 546 2271 populis
569 2207 628 2252 neo
650 2191 765 2252 notam
787 2188 939 2252 inuadere
963 2186 1118 2252 laudem'.

216 2274 278 2340 His
301 2275 358 2339 ubi
381 2277 530 2340 turbatas
553 2276 739 2340 hortatibus
762 2276 893 2360 impulit
917 2297 1020 2358 aures,
1133 2292 1189 2342 580

172 2364 252 2430 inde
275 2363 359 2448 petit
381 2365 552 2448 tumulum,
576 2385 702 2429 summo
727 2386 824 2448 quem
846 2364 969 2428 uertice
993 2365 1115 2429 montis

173 2452 487 2538 Amphitryoniades
511 2453 721 2536 spectandum
745 2475 784 2516 ex
807 2473 947 2536 aequore
969 2453 1081 2517 nautis

174 2543 344 2607 Struxerat
367 2545 400 2606 et
423 2544 518 2627 grato
542 2542 665 2606 cineres
689 2541 859 2605 decorarat
881 2540 1012 2605 honore.

176 2629 313 2696 Excitus
337 2629 421 2713 sede,
444 2628 658 2694 horrendum!
681 2629 866 2714 prorumpit
889 2629 931 2693 ab
954 2630 1022 2694 ima

174 2718 349 2784 Caeruleus
371 2719 508 2784 maculis
533 2740 612 2783 auro
636 2717 861 2802 squalentibus
885 2717 1017 2802 anguis3
1135 2734 1191 2786 585

173 2807 275 2890 Ignea
298 2808 476 2890 sanguinea
498 2807 672 2872 radiabant
696 2806 819 2871 lumina
841 2805 983 2890 flamma,

175 2895 304 2979 Oraque
328 2896 472 2960 uibranti
497 2895 679 2960 stridebant
703 2895 799 2959 sibila
821 2894 949 2980 lingua3

176 2984 272 3067 Isque
296 2985 384 3048 inter
402 2984 547 3069 trepidos
571 2988 681 3050 coetus
706 2983 909 3068 mediamque
932 3004 989 3064 per
1012 2981 1127 3048 urbem

174 3070 330 3138 Uoluitur
353 3075 386 3134 et
410 3073 511 3137 muris
533 3095 670 3156 propere
695 3071 857 3137 delabitur
880 3071 957 3136 altis

248 3249 299 3299 561
321 3244 414 3299 Sat-
426 3243 523 3300 datum
538 3252 571 3298 co
584 3247 602 3301 l.
617 3247 634 3299 l.
700 3251 751 3302 552
770 3246 924 3301 laceratum
941 3245 1022 3299 Thilo
1040 3275 1073 3286 -
1094 3245 1194 3302 funere

177 3315 313 3383 Lesibarc
330 3315 439 3370 laniato
454 3315 551 3370 funere
565 3318 610 3372 555
623 3315 761 3370 laniatum
775 3316 891 3371 uulnere
905 3315 1025 3386 Ruperti
1087 3320 1138 3370 571
1150 3319 1194 3372 Ao

177 3390 241 3440 aro
260 3387 357 3441 Haov
448 3391 499 3441 573
520 3385 656 3456 Suprema
673 3387 762 3442 Boibe
780 3392 805 3442 et
822 3405 878 3442 oon
900 3386 972 3441 Veen
999 3394 1193 3456 supremums

178 3462 233 3513 574
252 3458 342 3512 Nocte
357 3463 420 3510 0155
438 3458 529 3512 Morte
547 3459 631 3526 culpo
695 3462 747 3512 575
766 3458 877 3512 concita
895 3459 940 3513 acl
957 3456 1043 3513 insita
1056 3457 1196 3514 Schrader

176 3532 228 3583 578
247 3529 371 3602 praefert
388 3527 526 3583 Heinsius
