2634 4016
23 1331 45 1384 <D
24 1269 50 1306 (ζ
24 1067 48 1244 —524—
27 963 49 1045 :310
27 779 72 944 ἣνῦιῆ

444 1000 756 1077 Praefatio.

185 1285 241 1345 Sili
263 1285 364 1346 Italici
386 1286 500 1347 Punica
518 1289 619 1348 edenti
642 1289 724 1367 mihi,
747 1287 922 1366 priusquam
946 1289 985 1348 ad
1007 1289 1106 1365 ipsam

90 1402 158 1443 rem
181 1382 332 1462 accedam,
356 1385 460 1460 paucis
483 1386 641 1446 admonere
660 1387 759 1458 liceat,
782 1386 967 1462 quambene
991 1386 1051 1445 sint
1070 1386 1107 1446 de

90 1482 146 1542 illc
161 1484 253 1558 potita
268 1481 371 1541 meriti
387 1481 563 1561 Georgius
578 1484 684 1544 Thilo
703 1486 734 1543 et
748 1483 975 1543 Hermannue
989 1483 1108 1558 Elaea,

92 1579 207 1657 quippe
231 1580 283 1656 qui
306 1579 392 1639 libris
416 1598 485 1640 mss.
510 1581 670 1660 diligenter
698 1582 831 1642 excussis
853 1581 943 1641 huius
967 1581 1108 1641 editionis

91 1678 250 1753 posuerint
272 1677 474 1738 fundamenta.

184 1775 286 1851 Atque
308 1774 360 1834 ille
383 1775 503 1853 quidem
521 1777 583 1836 iam
605 1781 674 1836 ante
693 1776 822 1854 triginta
844 1776 905 1835 iere
925 1795 1018 1837 annos
1037 1796 1106 1837 cum

92 1871 151 1931 Sili
175 1872 281 1932 edendi
304 1873 462 1934 consilium
480 1875 615 1953 cepisset,
638 1874 803 1951 plurimum
822 1893 929 1950 operae
953 1876 1106 1954 studiique

92 1971 283 2046 consumpsit
313 1970 346 2030 in
378 1971 529 2032 codicibus
562 1976 592 2032 et
627 1972 814 2032 conferendis
842 1975 873 2032 et
900 1972 1104 2034 aestimandis.

91 2067 160 2138 Qua
183 2069 215 2126 in
239 2087 271 2127 re
298 2068 371 2145 quid
392 2069 560 2146 profecerit,
589 2071 778 2147 cognoscitur
802 2089 839 2129 ex
865 2071 1102 2149 quaestionibus

92 2183 170 2243 quas
193 2165 324 2244 scripsit,
347 2160 513 2246 Silianisri)
536 2167 734 2247 undeviginti,
757 2186 833 2246 quos
855 2167 1034 2246 inspexerat,
1058 2188 1107 2230 co·

92 2263 194 2322 dicum
218 2267 249 2323 et
277 2264 521 2341 antiquissimum
548 2268 579 2325 et
608 2265 755 2341 optimum
782 2265 840 2326 sibi
866 2265 1018 2342 persuasit
1041 2285 1105 2326 esse

93 2359 277 2421 Vaticanum
307 2363 407 2440 1652,
436 2382 523 2439 quem
550 2365 651 2424 totum
679 2363 815 2423 contulit
859 2363 896 2422 In
924 2364 1029 2424 eodem
1051 2365 1104 2423 ille

92 2458 198 2519 libello
230 2461 261 2518 et
292 2460 324 2520 in
347 2456 612 2521 emendationibus
641 2452 799 2543 Silianis&
831 2461 993 2538 specimina
1021 2461 1106 2520 dedit

94 2557 171 2615 artis
195 2556 315 2617 criticae
340 2577 399 2636 qua
421 2562 500 2619 esset
522 2557 554 2617 in
584 2558 695 2618 edendo
714 2561 803 2634 poeta
826 2577 944 2620 usurus.
975 2559 1024 2618 Ita
1043 2577 1105 2618 om-

93 2653 185 2713 nibus
207 2654 239 2712 in
262 2673 345 2732 spem
368 2655 504 2716 adductis
528 2656 613 2717 brevi
639 2656 703 2716 iore
727 2658 762 2715 ut
785 2655 875 2716 Silius
902 2655 1103 2732 revivisceret,

93 2752 196 2811 nescio
220 2771 280 2829 qua
307 2753 344 2813 de
372 2771 463 2813 eausa
490 2753 527 2813 ab
554 2754 673 2831 incepto
702 2753 819 2813 destitit
845 2754 897 2813 ille
920 2753 968 2814 vir
995 2754 1107 2813 doctis-

94 2849 191 2909 simus
223 2867 258 2909 ac
289 2869 344 2926 pro
373 2869 426 2911 sua
457 2851 641 2911 liberalitate
674 2854 764 2927 atque
796 2851 995 2928 humanitate,
1029 2871 1105 2928 quae

92 2947 261 3025 collegerat
288 2951 550 3026 congesseratque,
579 2948 688 3008 detulit
716 2947 753 3007 ad
780 2949 985 3008 Hermannum
1008 2949 1104 3028 Blass,

93 3044 149 3121 qui
173 3045 289 3120 etipse
313 3045 383 3105 huic
406 3047 530 3105 carmini
555 3045 737 3106 emendando
761 3065 885 3123 operam
907 3039 1041 3129 dabat⁸)

118 3225 122 3239 “
169 3235 195 3300 1)
216 3230 400 3297 Quaestiones
420 3231 541 3287 Silianae
561 3231 673 3303 scripsit
687 3231 824 3303 Georgius
840 3231 923 3289 Thilo
941 3231 973 3286 in
990 3233 1103 3302 „Nact-

90 3312 205 3368 rr'cbtcrr
221 3313 289 3367 iiber
306 3313 357 3367 das
375 3313 427 3384 legi.
442 3311 632 3384 Pddcpopiam
646 3329 681 3368 aa
695 3313 797 3368 Halle“
815 3318 896 3370 1858.
913 3345 944 3354 -
960 3314 989 3382 2)
1002 3312 1102 3368 Emen-

92 3391 226 3448 dationss
237 3389 399 3447 Silianaein
410 3391 550 3462 symbolis
560 3392 658 3463 philol.
669 3393 856 3448 Bonnensium
871 3399 941 3449 1864
950 3393 970 3449 Ι,
979 3411 1006 3463 p.
1018 3399 1105 3448 ³99—

91 3477 156 3527 410.
174 3501 209 3512 —
223 3474 252 3542 8)
266 3471 485 3528 Emendatioccu
499 3489 534 3528 aa
548 3473 635 3528 Silius
644 3474 762 3530 Italicae
775 3475 814 3528 im
822 3474 1025 3530 Jcbrcsberiett
1037 3476 1105 3530 riter

92 3554 139 3608 die
158 3551 426 3609 Lour‘aeaatddtiscte
444 3552 613 3621 Rcalscbulc,
631 3553 729 3609 Berlin
748 3559 830 3610 1867.
