2632 4016
183 152 226 216 62
584 147 804 204 siuirrnmer

229 313 275 377 At
298 334 366 376 non
389 311 587 378 Sarmaticos
610 311 766 376 attollens
789 309 916 376 Uxama
939 333 1050 376 muros

185 402 266 466 Tam
289 400 416 465 leuibus
440 399 602 483 persultat
625 399 729 482 equis3
751 399 827 464 hine
850 399 941 463 uenit
962 399 997 463 in
1020 421 1113 465 arma
1147 418 1205 467 385

185 489 281 554 Haud
305 489 378 554 aeui
400 488 526 572 fragilis
551 487 680 571 sonipes
704 487 865 571 crudoque
888 486 1001 573 uigore

186 579 292 662 Asper
315 577 406 640 frena
428 577 499 660 pati
522 581 579 641 aut
601 575 698 640 iussis
721 597 834 658 parere
857 575 1036 661 magistris.

183 665 381 749 Rhyndacus
403 665 456 729 his
480 665 603 746 ductor,
626 665 728 728 telum
752 685 882 748 sparus3
906 685 962 728 ore
985 663 1129 730 ferarum

182 752 229 818 nt
251 754 336 818 rictu
359 753 550 818 horrificant
573 753 699 837 galeas3
722 752 894 817 uenatibus
918 775 1035 817 aeuum

182 841 395 926 Transigitur,
409 842 462 906 uel
477 862 567 906 more
581 846 711 923 patrum
730 841 780 904 uis
798 844 957 924 raptaque
972 846 1119 924 pascunt.
1145 860 1202 908 390
1293 827 1294 914 l

227 929 347 1015 Fulget
369 929 551 1014 praecipuis
574 927 730 993 Parnasia
754 929 888 995 Castulo
913 929 1016 1014 signis

181 1017 228 1082 Et
250 1019 374 1082 celebre
398 1017 526 1083 Oceano
551 1022 647 1101 atque
671 1018 806 1082 alternis
830 1017 975 1082 aestibus
997 1017 1118 1102 Hispal

183 1105 232 1170 Ac
254 1104 413 1170 Nebrissa
436 1106 487 1170 dei
510 1104 652 1188 Nysaeis
675 1106 805 1170 conscia
826 1105 958 1189 thyrsis,

183 1192 287 1268 Quam
314 1192 423 1277 Satyri
446 1195 575 1259 coluere
597 1193 686 1258 leues
709 1194 922 1277 redimitaque
945 1215 1038 1259 sacra

87 1295 90 1304 “
182 1281 325 1346 Nebride
348 1286 381 1346 et
404 1304 521 1347 arcano
544 1281 678 1346 Maenas
701 1285 860 1346 nocturna
882 1281 1001 1366 Lyaeo.
1142 1299 1199 1349 395

181 1369 465 1454 Arganthoniacos
490 1373 596 1436 minat
620 1369 750 1436 Carteia
772 1374 917 1454 nepotes.

182 1458 251 1523 Rex
275 1459 406 1542 proauis
429 1458 494 1522 fuit
515 1458 649 1522 humani
671 1457 852 1524 ditissimus
876 1458 958 1541 aeui,

183 1546 246 1610 Ter
270 1547 369 1610 denos
392 1545 497 1611 decies
521 1567 669 1611 emensus
693 1545 829 1630 belliger
852 1569 962 1611 annos.

182 1634 301 1698 Armet
323 1633 503 1718 Tartessos,
527 1633 707 1698 stabulanti
731 1635 859 1699 conscia
881 1634 1023 1718 Phoebo,

182 1722 228 1786 Et
251 1721 383 1805 Munda,
404 1721 577 1786 Emathios
599 1721 695 1785 Italis
718 1722 867 1805 paritura
889 1723 1026 1787 labores.
1142 1739 1200 1790 400

181 1809 250 1874 Nec
274 1810 369 1875 decus
393 1809 552 1874 auriferae
574 1809 714 1874 cessauit
738 1808 888 1875 Corduba
909 1817 1023 1876 terrae.

180 1897 251 1963 Hos
275 1898 392 1962 duxere
415 1898 503 1962 uiros
525 1897 660 1962 flauenti
682 1897 802 1963 uertice
824 1899 969 1983 Phorcys

186 1985 415 2070 spiciferisque
439 1986 550 2070 grauis
573 1987 712 2051 bellator
734 1983 910 2052 Arauricus
935 1987 1011 2072 oris,

183 2073 345 2158 Aequales
369 2075 454 2157 aeui3
477 2074 590 2159 genuit
613 2096 695 2158 quos
719 2075 817 2138 ubere
831 2075 913 2160 ripa

184 2161 331 2226 Palladio
355 2160 466 2226 Baetis
489 2162 660 2227 umbratus
684 2184 804 2228 cornua
826 2185 925 2228 ramo.
1140 2181 1198 2230 405

227 2248 321 2315 Talia
346 2247 497 2315 Sidonius
520 2273 579 2334 per
602 2273 734 2334 campos
757 2251 890 2336 agmina
913 2251 1027 2316 ductor

180 2336 318 2402 Puluere
340 2338 501 2422 nigrantis
524 2342 634 2422 raptat
657 2339 864 2423 lustransque
887 2339 948 2404 sub
972 2339 1082 2425 armis,

182 2425 253 2502 Qua
275 2426 348 2490 uisu
372 2427 599 2512 comprendere
623 2431 702 2511 erat,
724 2426 885 2512 fulgentia
908 2427 1003 2512 signa

253 2659 306 2708 384
324 2653 433 2708 Uxama
450 2653 585 2709 Heinsius
607 2653 729 2709 Suxama
746 2659 831 2707 0er
859 2653 979 2708 amiania
994 2658 1013 2706 0
1037 2653 1158 2709 sunania
1172 2661 1198 2708 V

179 2723 224 2787 (Τ.
236 2741 266 2793 p.
281 2729 338 2779 188
356 2729 381 2778 et
394 2728 464 2789 226)
484 2724 608 2779 Sacrana
624 2728 669 2792 uel
687 2724 820 2780 Cartana
837 2725 957 2794 Ruperti
1092 2730 1145 2780 387
1166 2731 1199 2781 et

178 2793 329 2848 Liuineius
347 2801 372 2848 et
389 2811 445 2849 uun
468 2795 540 2850 Veen
558 2827 590 2835 —
610 2796 739 2864 magistri
756 2796 936 2865 Dausqucr'us
1025 2799 1077 2849 388
1095 2795 1197 2865 Rhyn-

180 2863 267 2918 dacus
285 2869 308 2916 V
340 2863 502 2919 Rhindacus
525 2871 566 2920 10
594 2865 745 2934 Rhydacus
770 2871 790 2918 L
822 2867 976 2922 Rhodanus
999 2865 1198 2922 Subliclrteiccn

180 2941 231 2990 331
251 2935 372 3004 Fulgent
390 2937 450 2990 edd.
469 2952 553 2992 nonu.
572 2968 607 2977 —
625 2935 760 2990 Parsania
774 2941 810 2988 ch
936 2943 988 2992 333
1008 2935 1054 2989 dei
1071 2935 1197 3006 Nysaeis

179 3005 344 3061 Lachmann
362 3007 399 3060 ad
416 3006 501 3060 Later.
521 3007 570 3062 VI.
585 3013 658 3062 1067
676 3025 737 3062 cum
755 3007 894 3078 Scaligero
908 3006 1050 3076 dyonissis
1068 3011 1111 3059 ΙΝ
1130 3008 1197 3062 dio·

179 3075 264 3130 niseis
285 3081 304 3128 0
323 3076 471 3131 dionisseis
490 3082 511 3128 F
587 3084 639 3133 336
658 3093 760 3134 arcano
770 3083 807 3131 ch
825 3082 925 3134 ortano
936 3083 998 3130 1210
1017 3077 1196 3132 hortandov

178 3147 224 3211 (T.
243 3165 271 3215 p.
292 3150 362 3214 223)
391 3146 673 3203 Ortano=0retano
695 3151 765 3204 coni.
788 3149 950 3204 Roawcidua
973 3149 1088 3218 qaudam
1115 3164 1197 3218 quem

179 3219 277 3272 laudat
300 3218 478 3287 Dauoqueiue
503 3235 529 3272 a
556 3219 582 3272 lr.
610 3219 627 3272 l.
656 3218 781 3274 Orthano
813 3222 858 3276 uel
886 3219 1029 3274 Orthanae
1056 3218 1198 3274 Heinsius

180 3294 232 3342 333
250 3291 425 3371 3330333033
506 3294 559 3343 400
577 3287 745 3372 Hemathios
761 3291 959 3346 Drakenborch
1032 3295 1083 3344 402
1103 3288 1195 3344 Phor-

178 3365 265 3554 {30}ch
265 3365 329 3555 hqd)
329 3359 520 3552 11:³13}th
548 3362 1099 3500 VMllrriliablhrsmudclllihbtcrbibPlclwl.
1113 3377 1196 3500 8513171)

268 3518 325 3556 ees
