2632 4014
436 198 652 255 PUNICORUM
669 199 779 256 LIBER
798 201 831 257 X.
1073 202 1140 267 235

126 363 225 430 Haud
247 385 344 449 parce
367 362 504 426 miratus
528 384 656 447 equum,
680 363 811 447 quinam
834 363 890 429 ille
915 364 1067 431 sinistrae

127 453 302 539 Depugnet
324 450 422 516 morti
444 450 581 535 iuuenis,
604 473 787 535 nomenque
811 452 970 538 decusque

126 541 281 628 Erogitat
304 540 422 625 letique
446 539 543 604 simul
567 540 759 624 compendia
782 541 890 607 donat.
1087 559 1139 610 470

125 630 188 695 Hic
213 627 316 694 Cinna
337 665 376 676 —
397 628 437 692 ad
456 627 572 712 Tyrios
591 650 731 713 namque
748 630 778 694 is
797 651 856 694 sua
874 634 1019 696 uerterat
1037 654 1139 716 arma,

128 717 287 785 Credulus
312 717 466 802 aduersis,
489 720 521 782 et
544 720 615 781 tum
639 739 748 783 comes
771 718 841 783 ibat
864 721 976 784 oueuti
1001 745 1058 785 -t

126 806 283 871 ‘Auribus
306 804 402 889 huic,'
426 805 541 890 inquit,
564 804 696 871 ‘ductor
718 807 904 891 fortissime,
928 807 1020 894 origo
1045 813 1095 874 est

126 895 204 960 Non
226 893 359 980 indigna
381 894 456 959 tuis.
481 894 644 978 quondam
667 895 728 960 sub
751 895 883 980 regibus
906 895 973 981 illa,

127 984 217 1060 Quae
239 983 379 1068 Libycos
402 982 509 1047 renuit
531 981 651 1068 frenos,
674 984 734 1049 sub
758 984 890 1070 regibus
914 985 993 1050 olim
1085 1003 1139 1054 480

125 1073 232 1138 Roma
254 1071 325 1137 fuit.
349 1070 501 1156 sedenim,
524 1072 642 1136 solium
665 1072 836 1158 indignata
859 1071 1007 1160 Superbi,

127 1161 175 1228 Ut
199 1166 326 1245 sceptra
349 1161 466 1244 exegit,
489 1159 660 1226 confestim
682 1161 830 1247 ingentia
852 1163 939 1228 bella

126 1247 261 1315 Clusina
283 1271 400 1314 uenere
424 1249 528 1333 domo,
552 1249 580 1312 si
604 1249 748 1314 Porsena
770 1249 871 1316 fendo

126 1337 267 1403 Auditus
290 1338 361 1422 tibi,
385 1337 414 1402 si
437 1336 560 1416 Cocles,
585 1338 613 1402 si
636 1337 740 1423 Lydia
764 1343 880 1404 castra.

125 1427 195 1512 Ille,
218 1449 278 1510 ope
295 1425 451 1493 ¹Maeonia
475 1430 508 1490 et
530 1427 652 1511 populo
678 1427 859 1493 succinctus
882 1427 1031 1514 Etrusco,
1072 1445 1139 1496 '485

125 1515 282 1582 Certabat
304 1515 416 1600 pulsos
439 1537 497 1599 per
519 1515 608 1580 bella
630 1537 787 1599 reponere
810 1537 912 1602 reges.

125 1603 233 1669 Multa
257 1604 336 1669 adeo
360 1605 574 1688 nequicquam
598 1604 682 1689 ausi3
705 1605 888 1689 pressitque
911 1609 1070 1688 tyrannus

125 1693 305 1758 Ianiculum
328 1693 526 1757 incumbens.
549 1692 606 1756 ubi
629 1715 716 1775 mox,
739 1695 806 1758 iam
829 1715 908 1777 pace
931 1694 1081 1780 probata,

57 1854 60 1860 ,
126 1779 355 1864 compressere
380 1780 462 1865 odia,
486 1785 518 1844 et
540 1781 684 1866 positum
703 1803 776 1846 cum
799 1781 928 1847 foedere
951 1783 1084 1868 bellum,

126 1869 366 1954 Obsidibusque
390 1869 548 1934 obstricta
561 1869 650 1934 tides
665 1907 708 1916 -
723 1892 949 1936 mansuescere
973 1872 1069 1938 corda
1083 1889 1137 1939 400

126 1957 253 2039 Nescia,
276 1980 335 2042 pro
360 1957 483 2042 superi!
508 1961 541 2020 et
563 1957 611 2021 nil
634 1979 701 2024 non
722 1958 848 2024 immite
871 1964 988 2044 parata

126 2046 211 2111 Gens
235 2045 355 2111 Italum
378 2067 436 2130 pro
461 2045 555 2110 laude
578 2047 647 2130 pali
667 2084 709 2094 —
729 2049 780 2113 bis
805 2047 930 2114 Cloelia
953 2071 1048 2115 senos

125 2134 279 2200 Nondum
302 2135 481 2218 complerat
504 2135 665 2218 primaeui
688 2137 832 2221 corporis
857 2159 970 2222 annos,

124 2223 199 2288 Una
221 2223 404 2308 puellarum
427 2222 628 2288 Laurentum
651 2228 684 2289 et
706 2225 846 2310 pignora
869 2226 958 2311 pacis

125 2313 216 2377 Inter
238 2312 404 2398 uirgineas
426 2313 497 2396 regi
520 2313 674 2378 tramissa
697 2319 858 2398 cateruas3
1083 2331 1136 2380 495

128 2438 165 2448 -
187 2400 289 2466 Facta
308 2402 414 2466 uirum
433 2401 512 2466 sileo
533 2439 575 2448 -
594 2423 671 2486 rege
690 2402 770 2467 haec
793 2407 826 2466 et
845 2402 973 2467 foedere
993 2406 1026 2469 et
1045 2403 1138 2469 annis

124 2489 170 2554 Et
192 2489 292 2555 fluuio
317 2489 444 2574 spretis
467 2490 640 2555 mirantem
664 2490 814 2554 interrita
837 2489 997 2570 Thybrim

124 2578 292 2662 Tranauit,
313 2578 468 2664 frangens
491 2579 612 2643 undam
635 2578 813 2661 puerilibus
837 2578 932 2642 ulnis.

125 2663 186 2730 Oui
210 2667 237 2730 si
260 2670 419 2730 mutasset
442 2687 553 2730 sexum
575 2671 702 2750 natura,
724 2667 844 2731 reuerti

124 2754 250 2820 Forsan
273 2753 458 2838 Tyrrhenas
481 2754 543 2818 tibi
566 2776 632 2818 non
654 2755 800 2820 licuisset
823 2761 858 2819 in
881 2778 965 2840 oras,
1085 2773 1137 2825 500

127 2843 281 2909 Porsena.
305 2841 359 2906 sed
383 2841 503 2927 iuueni,
524 2864 565 2907 ne
588 2844 650 2907 sim
672 2843 734 2908 tibi
757 2844 896 2931 longior,
917 2845 994 2911 hinc
1017 2849 1068 2912 est

124 2931 170 2997 Et
193 2952 295 3015 genus
319 2935 353 2995 et
376 2931 463 2996 clara
486 2932 730 2998 memorandum
753 2933 880 3017 uirgine
903 2934 1043 3002 nomen?

168 3019 261 3084 Talia
285 3018 361 3084 dnm
385 3019 507 3103 pandit,
530 3020 654 3086 uicinus
677 3025 769 3105 parte
793 3022 925 3088 sinistra

130 3107 192 3172 Per
215 3107 358 3172 subitum
382 3109 522 3193 erumpit
545 3110 675 3174 clamor.
699 3111 861 3194 permixta
883 3111 978 3177 ruina

124 3195 214 3262 Intcr
232 3200 265 3260 et
288 3218 379 3262 arma
402 3196 508 3262 uirum
532 3203 565 3263 et
588 3199 729 3264 lacerata
752 3200 911 3268 cadauera
934 3201 1029 3266 Pauli
1083 3215 1135 3267 005

195 3359 248 3409 476
266 3352 320 3408 Hic
334 3359 371 3406 ch
425 3359 477 3409 477
497 3354 622 3410 aduersis
638 3356 668 3410 et
681 3357 741 3410 tum
755 3362 792 3410 ch
805 3356 917 3412 aduersi
932 3359 975 3412 sat
988 3359 1056 3411 tunc
1070 3362 1135 3410 HV

122 3427 184 3480 tum
203 3429 222 3478 0
295 3429 347 3488 488
361 3423 524 3481 incumbens
543 3425 612 3480 urbi.
632 3444 697 3482 mox
710 3444 738 3495 p.
753 3446 778 3496 p.
794 3429 878 3484 Bluss
949 3432 1001 3482 489
1021 3429 1082 3481 tum
1092 3432 1136 3481 ov

122 3501 175 3551 492
196 3495 220 3550 si
239 3495 315 3550 delia
333 3501 485 3550 seuosLOV
504 3497 625 3553 saeuius
698 3502 750 3552 498
769 3497 881 3553 undis!
899 3513 968 3555 corr.
982 3500 1015 3554 ta
1023 3497 1135 3568 uinclis,

123 3570 143 3624 i.
157 3584 244 3640 marp.
258 3583 291 3624 m.
307 3569 327 3624 2
341 3566 416 3620 ulnis

789 3852 1020 3988 fi
