2596 4010
190 146 254 212 138
590 145 659 200 SILI
675 144 812 200 ITALIGI

188 308 302 396 ‘Quis
326 330 399 374 cum
422 307 607 394 praeteritis
630 309 737 372 inuisa
760 303 955 392 penatibus,'
977 306 1099 391 inquit,

191 396 364 482 ‘Hospitio
387 401 420 461 et
444 397 534 461 sedes
557 396 741 484 Poenorum
764 395 903 461 intrauit
926 395 1087 460 acerbas?

188 485 289 552 Affixi
312 486 407 570 clipei
430 507 605 569 currusque
629 489 662 550 et
686 485 809 570 spicula
833 487 913 548 nota

188 574 333 640 Aedibus
357 575 392 638 in
413 575 534 659 paruis,
557 574 669 659 magni
691 575 902 640 monumenta
924 571 1098 658 triumphi⁷
1160 591 1216 640 435

190 663 369 729 Pulsabant
393 664 513 745 oculos,
536 663 717 748 coniuxque
740 664 774 728 in
796 663 908 728 limine
931 661 1037 746 primo

189 751 374 818 Clamabat:
399 749 493 826 “Quo
517 750 582 816 fers
606 751 760 837 gressus?
783 773 850 816 non
872 749 1014 815 Punicus
1038 749 1095 815 hic
1121 756 1187 836 est,

181 841 322 927 Regale,
346 862 442 924 quem
465 839 582 924 fugies,
606 862 722 906 carcer.
746 839 888 924 uestigia
911 837 1015 902 nostri

190 927 289 994 Casta
312 929 377 999 tori
400 929 515 993 domus
540 933 572 992 et
595 928 738 1014 patrium
761 928 830 993 sine
853 927 987 992 crimine
1011 935 1127 992 seruat

188 1017 352 1084 Inuiolata
374 1017 484 1082 larem.
510 1017 610 1082 semel
627 1017 681 1083 hic
705 1018 884 1102 iterumque
901 1051 938 1062 -
957 1014 1043 1098 quid,
1066 1037 1141 1097 oro,
1158 1033 1214 1085 440
1284 1067 1285 1108 p

187 1105 354 1171 Pollutum
379 1110 428 1170 est
452 1106 571 1170 nobis?
597 1142 636 1152 -
662 1107 797 1190 prolem,
821 1107 974 1190 gratante
998 1107 1119 1170 senatu
1284 1127 1285 1188 p

187 1193 233 1259 Et
255 1195 373 1280 patria,
397 1189 468 1260 sum
492 1193 586 1259 enixa
608 1195 679 1260 tibi.
703 1198 770 1278 tua,
793 1193 926 1276 respice,
950 1191 1042 1256 sedes
1284 1189 1285 1204 ¹

188 1282 278 1348 Haec
302 1287 361 1366 est,
384 1283 466 1346 unde
489 1283 605 1368 ingens
628 1283 774 1347 humeris
797 1281 1001 1365 fulgentibus
1025 1283 1122 1348 ostro

187 1370 309 1436 Uidisti
332 1370 446 1436 Latios
470 1371 582 1436 consul
605 1371 779 1456 procedere
801 1370 921 1454 fesces3
1268 1437 1271 1454 ¹

188 1459 281 1525 Unde
304 1460 351 1524 ire
375 1461 410 1523 in
432 1459 580 1546 Martem,
604 1481 667 1544 quo
692 1463 789 1544 cepta
811 1459 932 1523 referre
955 1457 1088 1522 solebas
1161 1477 1217 1527 446

185 1549 231 1614 Et
253 1549 359 1614 uictor
383 1570 508 1612 mecum
533 1549 728 1633 suspendere
751 1547 898 1632 postibus
923 1567 1022 1612 erma.

185 1637 259 1702 Non
285 1657 346 1722 ego
370 1637 557 1720 complexus
581 1644 614 1701 et
637 1641 769 1702 sanctae
792 1635 924 1701 foedera
947 1633 1064 1698 taedae

187 1724 423 1810 Coniugiumne
446 1728 533 1808 peto.
556 1725 679 1808 patrios
704 1725 856 1790 damnare
880 1723 1008 1808 penatis
1284 1783 1285 1786 ,

187 1813 321 1879 Absiste
346 1833 383 1877 ac
405 1813 492 1877 netis
515 1813 564 1878 fas
589 1813 650 1878 duc
673 1814 845 1878 concedere
868 1808 1031 1878 noctem.''
1284 1791 1285 1880 i

229 1901 300 1966 Hos
323 1901 408 1966 inter
430 1901 526 1966 fletus
551 1903 680 1968 iunctus
705 1902 845 1988 uestigia
868 1899 986 1966 Poenis
1156 1919 1214 1970 450
1284 1925 1285 1934 ¹

186 1989 313 2055 Limine
336 2011 370 2054 se
395 1990 491 2054 clusit
513 1991 611 2074 Tyrio
634 1995 831 2074 questusque
854 1988 995 2072 reliquit.

185 2077 327 2144 Uixdum
351 2079 440 2144 clara
464 2077 532 2142 dies
557 2100 683 2144 summa
706 2079 870 2144 lustrabat
892 2078 927 2142 in
950 2075 1034 2140 Oeta

186 2166 339 2232 Herculei
363 2171 574 2232 monuments
597 2168 679 2253 rogi,
702 2189 774 2232 cum
799 2167 910 2232 consul
933 2164 1021 2230 adire

185 2256 358 2340 Actiaque
382 2256 474 2320 iubs
496 2257 628 2339 Libyas.
651 2261 723 2321 um
746 2255 860 2320 amna
882 2253 997 2337 templi

187 2343 338 2410 Uidimus
362 2343 549 2409 intrantem.
574 2366 656 2428 quae
680 2345 864 2410 consultata
889 2347 1030 2426 senatus,
1160 2363 1218 2414 455
1284 2355 1285 2370 ¹

187 2432 316 2509 Quasue
339 2432 401 2497 uiri
424 2455 519 2498 uoces
544 2437 724 2498 extremum
748 2433 837 2497 curia
860 2452 1006 2496 maerens
1284 2453 1285 2530 p

184 2521 344 2606 Audierit,
367 2522 495 2605 placido
518 2521 614 2587 nobis
638 2521 836 2605 ipseedidit
859 2543 923 2586 ore.

183 2609 302 2676 intulit
324 2613 362 2674 ut
385 2633 525 2696 gressus,
548 2607 698 2675 certatim
720 2631 800 2674 uoce
825 2629 985 2692 manuque

186 2700 238 2763 Ad
263 2699 394 2764 solitam
419 2700 527 2765 sedem
552 2703 584 2764 et
607 2699 748 2783 uestigia
770 2701 850 2762 nota
873 2697 1044 2764 uocabant.

187 2786 313 2852 Abnuit
336 2788 569 2872 antiquumque
593 2787 657 2854 loci
681 2791 870 2872 aspernatus
895 2787 1060 2852 honorem.
1156 2805 1215 2857 460
1284 2789 1285 2812 ¹

186 2873 233 2939 At
256 2875 442 2940 circumfusi
464 2899 529 2942 non
554 2877 658 2942 secius
681 2876 822 2960 undique
846 2875 993 2940 dextram

185 2962 345 3028 Prensare
368 2985 415 3047 ao,
438 2965 564 3046 patriae
588 2965 754 3030 ductorem
777 2965 907 3029 nomine
931 2965 1024 3029 tanto

256 3159 309 3208 434
328 3157 397 3209 uota
414 3154 551 3209 Heinsius
597 3160 648 3210 449
667 3155 711 3210 fas
730 3157 784 3210 due
801 3161 843 3207 Π
862 3156 904 3208 fas
923 3156 968 3209 ert
986 3157 1029 3206 0V
1075 3159 1131 3209 461
1150 3157 1213 3212 clu·
1284 3153 1285 3202 i

189 3225 226 3280 sit
245 3231 288 3278 cm
315 3225 371 3296 Ep.
402 3229 434 3280 71
465 3224 617 3280 reclusitl.
645 3226 794 3280 secuntur
827 3225 976 3280 seduxito
1015 3240 1045 3278 se
1073 3224 1162 3283 duxit
1186 3234 1211 3281 v

186 3302 239 3352 463
259 3295 333 3352 adiri
351 3296 487 3352 Heinsius
577 3301 630 3350 464
649 3296 752 3366 Libyas
772 3301 808 3348 ch
897 3301 949 3350 466
968 3297 1029 3350 tum
1048 3311 1124 3363 quae
1141 3315 1211 3354 con·

187 3367 262 3421 sulta
281 3367 391 3422 Gronau
416 3383 557 3437 quaenam
581 3366 710 3422 consulta
728 3368 865 3423 Heinsius
892 3397 927 3406 —
947 3367 1047 3420 senatu
1065 3367 1210 3435 Lefsbm

188 3443 240 3492 466
260 3436 390 3504 Quasque
404 3437 524 3508 Ruperti
571 3444 622 3492 469
642 3439 782 3492 uocabant
796 3443 833 3490 ch
850 3437 973 3492 uocabat
987 3442 1003 3489 6
1048 3442 1103 3492 460
1117 3443 1210 3514 uulso

187 3509 302 3563 additur
320 3510 371 3576 est,
389 3511 461 3577 quod
479 3509 600 3564 dessein
618 3513 634 3560 8
653 3514 678 3562 st
697 3514 733 3560 ch
754 3540 783 3548 —
806 3509 970 3578 aspernetur
986 3507 1125 3566 Heinsius
