2596 4010
210 197 274 264 106
608 196 677 251 sur
696 196 833 252 rusuror

214 361 338 425 Priuati
362 360 480 443 rabies,
502 359 530 424 is
554 381 631 424 uero
658 360 811 443 urgentia
836 363 943 424 sumat

208 449 239 513 11
264 449 381 533 medio,
403 448 530 513 fodiant
553 469 635 532 quae
659 469 795 533 magnas
819 451 932 532 peetus
955 447 989 511 in
1012 447 1089 531 ires,

207 537 390 602 Perfraetas
414 536 516 621 Alpes
535 558 729 621 passamque
752 535 886 600 infanda
910 535 1103 621 Saguntum,
1179 554 1231 603 160

206 625 360 710 Quosque
382 619 475 689 ne'fas
498 624 594 688 uetiti
616 624 843 688 transcendere
866 645 985 689 nomen
1008 623 1135 710 Hiberi,

206 713 354 799 Tangere
377 714 444 778 iam
467 713 634 796 Thybrim.
657 735 732 776 nam
757 712 833 776 dum
856 735 916 778 uos
940 733 1044 798 augur
1077 717 1111 778 et
1141 715 1229 779 extis

205 801 382 877 Quaesitae
405 801 506 866 fibrae
529 822 696 884 uanusque
720 805 866 866 moratur
888 801 1063 886 haruspex,

204 888 319 956 Solum
341 891 407 954 iam
430 893 586 974 superest,
608 889 747 972 Tarpeio
770 890 947 973 imponere
961 887 1088 954 eastra?

253 978 416 1043 Turbidus
439 979 529 1060 haee,
551 978 695 1062 uisoque⁴
710 977 790 1042 artis
813 979 847 1042 in
869 977 1001 1042 milibus
1026 983 1115 1042 atras
1177 996 1229 1044 165

205 1067 369 1133 Bellatore
392 1068 486 1131 iubas
511 1070 656 1150 aptante:
681 1064 768 1150 ‘Est
792 1065 902 1151 Orfite,
925 1087 1050 1148 munus,

203 1154 289 1238 Est'
313 1155 368 1240 ait,
391 1155 468 1220 ‘hoo
492 1160 615 1220 certare
637 1157 740 1236 tuum,
764 1155 835 1238 quis
859 1155 968 1238 opima
991 1155 1118 1219 uolenti

205 1243 300 1309 Dona
322 1243 395 1308 Ioui
417 1248 527 1328 portet
550 1243 669 1307 feretro
693 1264 850 1326 suspensa
873 1246 1016 1308 cruento.

204 1331 293 1397 Nam
316 1355 372 1397 eur
395 1333 475 1397 haee
498 1331 563 1396 alia
585 1330 732 1416 pariatur
755 1331 861 1416 gloria
884 1330 1037 1396 dextra?

205 1421 293 1486 Hine
316 1425 508 1505 praeuentus
532 1441 624 1504 equo,
647 1427 821 1504 postquam
850 1420 936 1484 inter
958 1419 1084 1504 proelia
1106 1423 1229 1486 notam

205 1510 341 1592 Aeoepit
364 1527 492 1574 uocem:
515 1507 648 1572 ‘Procul
671 1507 747 1572 hino
770 1511 803 1570 te
826 1506 986 1591 MartiuS,'
1010 1508 1128 1593 inquit,
1174 1527 1228 1575 111

203 1597 383 1680 ‘Murrana
408 1596 551 1662 ostendit
575 1596 706 1678 elamor,
729 1596 886 1680 uideoque
910 1596 1071 1661 furentem

205 1683 277 1748 Iam
301 1685 401 1768 Tyria
423 1688 457 1748 te
481 1684 590 1767 eaede3
613 1683 703 1748 uenit
726 1685 798 1748 laus
822 1685 957 1768 quanta!
982 1684 1047 1768 sed,
1070 1707 1140 1770 ore,

203 1773 294 1837 Haeo
317 1776 458 1858 angusta
481 1772 545 1836 looi
569 1772 653 1836 ferro
677 1773 841 1856 patefacta
863 1771 995 1838 relaxa?

202 1861 287 1926 Tum
306 1859 439 1926 Soracte
463 1865 580 1944 satum,
598 1865 818 1944 praestantem
838 1883 972 1946 corpore
992 1864 1024 1925 et
1043 1861 1156 1945 armis,
1173 1880 1228 1930 110

206 1951 399 2034 Aequanum
422 1971 568 2032 noscens,
590 1949 698 2032 patrio
723 1949 774 2013 eui
797 1949 879 2014 ritus
902 1951 937 2014 in
961 1971 1049 2033 aruo,
1141 2003 1143 2006 .

202 2037 288 2102 Oum
311 2037 385 2121 pius
407 2035 600 2102 Arcitenens
625 2038 767 2102 ascensis
793 2038 914 2124 gaudet
938 2038 1071 2121 aceruis,

204 2126 292 2190 Exta
314 2131 364 2190 ter
386 2127 542 2190 innocuos
566 2125 690 2190 laetum
713 2131 845 2209 portare
868 2149 926 2210 per
948 2127 1055 2212 ignes:

202 2212 275 2280 ‘Sic
297 2214 331 2278 in
355 2215 529 2298 Apollinea
552 2236 680 2298 semper
702 2214 846 2300 uestigia
867 2237 972 2298 pruna

203 2302 368 2368 inuiolata
391 2309 478 2367 teras
504 2303 671 2388 uictorque
694 2303 825 2386 uaporis
850 2303 891 2367 ad
915 2299 988 2368 aras
1172 2323 1228 2372 180

204 2391 298 2456 Dona
322 2395 472 2457 serenato
496 2392 617 2455 referas
642 2391 814 2455 sollemnia
835 2391 984 2456 Phoebo:

201 2478 365 2565 Concipe,'
390 2481 445 2565 ait,
470 2479 620 2565 ‘dignum
644 2481 749 2564 saetis,
773 2479 937 2564 Aequana
956 2481 1101 2544 furorem

203 2566 466 2652 Uulneribusque
490 2569 564 2633 tuis.
588 2570 676 2633 soeio
700 2572 733 2631 te
758 2568 864 2632 caedis
889 2571 922 2633 et
944 2570 1011 2632 irae

202 2655 278 2721 Non
302 2679 362 2742 ego
385 2655 620 2722 Marmaridum
643 2657 784 2720 mediam
807 2661 977 2740 penetrare
995 2657 1204 2744 phalangem

155 2792 157 2795 .
200 2743 443 2830 Cinyphiaeque
463 2745 578 2831 globos
599 2744 775 2809 dubitarim
792 2746 971 2829 irrumpere
993 2745 1145 2811 turmae?
1168 2765 1224 2814 186

275 2994 326 3043 108
340 2989 471 3058 urgentia
480 3007 527 3044 em.
538 2987 692 3058 ingenuas
711 2989 843 3044 incendia
855 2989 965 3046 Gronov
1070 2996 1120 3046 161
1130 2991 1227 3048 limen

204 3058 302 3114 Hiberi
320 3060 435 3115 Ernesti
452 3059 555 3115 fiumen
574 3061 619 3115 uel
636 3060 752 3114 flumina
770 3060 890 3130 Ruperti
1034 3066 1084 3116 162
1104 3079 1158 3118 uos
1178 3069 1226 3116 ov

202 3147 253 3184 nos
272 3135 313 3182 111‘
422 3136 473 3184 165
492 3129 522 3184 in
540 3130 667 3201 milibus]
687 3131 839 3185 humilibus
858 3137 899 3183 LE
919 3163 952 3172 -
971 3132 1067 3186 hirtus
1081 3133 1226 3190 Heinsius

202 3201 283 3256 albas
301 3202 346 3255 nel
364 3201 436 3255 altas
455 3201 575 3270 Ruperti
655 3208 705 3256 166
724 3201 804 3255 iubas
823 3209 867 3254 cm
885 3203 941 3272 Ep.
952 3208 1006 3258 110
1024 3233 1058 3244 -
1078 3203 1163 3258 orfite
1178 3212 1224 3258 br

201 3271 314 3342 orphito
334 3276 376 3322 ov
396 3275 487 3326 -est
504 3278 607 3327 08161
702 3279 752 3326 110
766 3277 946 3342 prouectuso
1047 3278 1224 3330 171uocem

200 3344 311 3412 procul:
329 3341 376 3396 hie
390 3343 538 3397 Liuineius
556 3348 581 3397 ei
594 3344 730 3398 Heinsius
842 3344 1011 3398 1181801801
1027 3349 1064 3396 ch
1090 3343 1186 3400 latum
1207 3354 1224 3399 8

203 3419 255 3467 180
273 3413 348 3466 feras
367 3412 516 3468 In'uineius
634 3419 684 3468 182
703 3431 823 3482 aequare
842 3431 910 3470 corr.
929 3417 961 3470 in
980 3431 1107 3484 aequans
1125 3417 1156 3486 (n
1176 3435 1224 3472 sn·

197 3500 254 3552 pre
272 3485 337 3553 u)1²
357 3500 430 3552 equa
447 3489 516 3538 uel·
535 3499 655 3552 aequare
669 3489 692 3536 v
711 3491 846 3553 equareo
894 3485 1026 3541 18010110
1045 3492 1070 3540 ei
1089 3492 1140 3542 183
1162 3489 1223 3544 Nu·

200 3552 378 3623 minibusque
396 3554 532 3610 Heinsius
641 3605 646 3616 ,
