2632 4014
174 145 239 211 238
572 145 640 200 sun
659 144 798 202 lTALICI

179 307 340 374 Omnibus
363 309 486 373 exuuiis
508 308 595 372 nudo
618 308 747 392 iamque
769 307 937 372 Hannibal
960 331 1043 373 unus

176 396 236 462 Sat
259 397 385 461 decoris
408 397 560 461 laudator
583 400 666 480 erat3
688 397 850 480 fulgentia
872 397 989 482 pingui

175 485 298 550 Murice
321 486 488 570 suspirans
511 485 605 550 inicit
626 485 790 550 uelamina
812 489 846 550 et
868 507 948 550 auro
1138 505 1195 554 570

174 573 337 638 Intextam
359 574 561 658 chlamydem
585 595 623 638 ac
646 595 796 657 supremo
820 574 939 638 affatur
961 574 1100 643 honore:

175 661 217 742 ³1,
240 663 336 728 decus
358 663 532 748 Ausoniae,
555 683 618 747 quo
640 661 691 726 fas
715 666 765 726 est
785 661 833 726 ire
857 663 1014 747 superbas

174 750 307 816 Uirtute
331 755 364 816 et
386 752 483 817 factis
506 751 641 817 animas.
664 751 727 815 tibi
749 751 856 835 gloria
877 751 944 816 leto

174 839 246 904 Iam
268 845 364 925 parta
386 840 517 926 insigni.
539 844 670 905 nostros
693 839 839 904 Fortuna
860 840 990 905 labores

176 928 298 994 Uersat
321 929 426 994 adhue
450 951 607 1013 casusque
630 927 721 992 iubet
742 928 868 992 nescire
890 927 1041 994 futuros?
1137 949 1193 998 5⁷5
1294 927 1295 934 ἶ

172 1017 263 1082 Haeo
275 1017 387 1103 Libys;
398 1022 495 1102 atque
505 1039 630 1102 repens,
644 1017 1028 1102 crepitantibusundiqne
1038 1018 1194 1105 flammis,

175 1106 346 1170 Aetherias
370 1109 481 1171 anima
503 1107 652 1170 exultans
676 1105 782 1170 euasit
803 1106 839 1169 in
861 1128 966 1171 auras.

219 1193 322 1258 Fama
345 1195 462 1260 dehinc
486 1195 645 1280 gliscente
669 1215 749 1258 sono
772 1193 839 1258 iam
862 1194 969 1258 sidera
992 1195 1117 1282 adibat3

176 1281 246 1346 Iam
269 1285 374 1348 maria
397 1307 435 1349 ac
457 1287 562 1348 terras
585 1282 789 1366 primamque
813 1283 994 1349 intrauerat
1016 1285 1140 1352 urbem.

176 1370 337 1436 Diffidunt
360 1373 475 1458 muris3
498 1373 602 1437 solam
624 1370 847 1454 pauitantibus
866 1393 973 1436 arcem
1137 1391 1193 1441 589
1294 1369 1295 1372 “

177 1458 366 1544 Sperauisse
390 1466 442 1526 sat
465 1466 523 1525 est.
546 1482 604 1524 neo
628 1460 714 1524 enim
738 1481 906 1543 superesse
928 1461 1105 1548 iuuentam,

175 1547 225 1614 Ac
249 1553 336 1614 stare
360 1551 524 1615 Ausoniae
548 1571 685 1614 uacuum
708 1547 776 1612 sine
800 1570 935 1632 corpore
957 1572 1085 1615 nomen.

176 1635 333 1722 Quodque
357 1639 436 1703 adeo
459 1637 603 1702 nondum
627 1637 731 1721 portis
754 1636 911 1720 irruperit
932 1637 1049 1725 hostis,

176 1724 373 1810 Contempta
395 1749 522 1792 cessare
544 1730 669 1810 putant.
692 1727 759 1790 iam
781 1729 869 1790 tecta
891 1729 1037 1812 cremari,

176 1815 224 1878 Ac
248 1815 381 1880 delubra
403 1816 483 1901 rapi,
506 1815 684 1899 caedesque
708 1818 781 1878 ante
805 1836 863 1878 ora
885 1815 1045 1880 nefandae
1136 1833 1192 1884 595
1294 1887 1295 1894 χ

175 1901 349 1989 Natorum,
372 1909 560 1986 septemque
583 1925 673 1969 arces
697 1903 822 1968 fumare
845 1903 1005 1969 uidentur.

176 1991 248 2056 Lux
270 2013 335 2055 una
357 2013 487 2056 euersas
511 1991 562 2056 bis
586 1995 716 2056 eentum
739 1991 774 2056 in
796 1995 905 2076 strage
929 1993 1059 2078 curulis,

176 2081 224 2144 Ac
247 2080 402 2145 iuuenum
425 2080 475 2144 bis
497 2079 630 2144 tricenis
655 2080 770 2145 orbata
793 2081 946 2164 gemebat

175 2167 310 2232 Milibus
334 2167 509 2232 exhaustae
531 2170 682 2232 nutantia
704 2171 833 2232 moenia
855 2168 991 2254 Romae3

175 2256 285 2340 Atque
308 2279 347 2321 ea
367 2261 444 2340 post
466 2255 631 2335 Trebiam,
658 2261 734 2339 post
756 2256 855 2322 Tusci
877 2261 998 2344 stagna
1024 2258 1192 2347 profundi,

175 2343 245 2409 Nec
268 2345 392 2410 socium
413 2365 547 2409 numero
570 2344 692 2428 pariter
715 2345 837 2410 leuiore
860 2351 1038 2431 perempto.
1135 2367 1191 2414 591

177 2431 241 2498 Sed
263 2455 340 2499 uero
365 2434 421 2498 sed
444 2433 531 2498 enim
553 2433 670 2518 reliqui
692 2435 747 2517 pia
769 2435 868 2499 turba
891 2435 1038 2500 senatus

175 2521 312 2586 Munera
335 2521 451 2587 sortito
474 2521 640 2586 inuadunt.
664 2523 748 2586 celer
772 2523 881 2588 omnia
903 2524 1049 2589 lustrans

177 2608 333 2676 Clamitat
355 2611 504 2676 attonitis
526 2609 661 2675 Fabius:
685 2609 779 2676 ‘Non
801 2613 870 2676 ulla
893 2613 1007 2678 relicta
1031 2617 1090 2696 est,

177 2697 317 2784 Credite,
339 2698 512 2763 cunctandi
533 2698 628 2762 ratio.
652 2721 913 2784 approperemus,
936 2705 974 2766 ut
996 2701 1102 2766 hostis
1136 2721 1192 2772 595

174 2787 400 2872 Nequicquam
423 2790 567 2852 armatos
590 2789 676 2852 ausit
698 2790 867 2855 succedere
890 2812 1010 2855 muros.

175 2875 267 2941 Dura
290 2876 376 2940 inter
398 2876 534 2960 pauidos
557 2876 656 2941 alitur
678 2877 810 2942 fortuna
833 2877 983 2964 sedendo,

175 2964 221 3030 Et
244 2965 387 3051 gliscunt
411 2965 547 3030 aduersa
570 2968 672 3050 metu3
696 2967 742 3031 ite
765 2967 864 3050 ocius,
887 2989 979 3031 arma

176 3053 330 3138 Deripite,
353 3076 372 3118 o
395 3055 508 3139 pubes,
529 3055 670 3138 templis.
693 3077 752 3121 uos
776 3056 862 3127 atria
884 3057 1005 3140 raptim

247 3235 299 3284 579
308 3227 497 3300 primamque]
506 3228 694 3298 pauidamque
704 3231 748 3285 nel
757 3229 935 3299 patriamque
944 3231 1055 3286 Gronov
1097 3234 1193 3288 estin

176 3303 270 3371 strage
289 3302 407 3356 Marone
428 3300 535 3354 instare
558 3303 642 3367 ⁸(cf.
659 3301 714 3355 XI.
730 3305 796 3368 529)
819 3303 874 3356 hae
896 3303 989 3371 strage
1012 3303 1057 3357 net
1078 3300 1192 3360 infame

175 3374 326 3429 Burmann
389 3377 441 3426 594
451 3371 580 3427 attonitis
589 3372 739 3428 Innineine
748 3372 850 3442 aliique
864 3374 1001 3428 attonitus
1016 3379 1032 3424 5
1086 3377 1140 3428 595
1155 3391 1193 3430 ac

175 3459 356 3514 properemus
376 3448 392 3496 9
511 3447 562 3498 598
581 3449 718 3498 euersor
738 3473 771 3482 —
790 3441 830 3498 ite
849 3443 927 3498 ocius
947 3449 1003 3496 cus
1017 3443 1062 3511 (T.
1072 3461 1103 3514 p.
1118 3451 1194 3516 215)

175 3515 224 3580 ite,
242 3515 282 3572 ite
296 3517 355 3572 edd.
373 3515 524 3570 nonnullae
595 3520 647 3568 599
665 3511 786 3584 Diripite
805 3519 848 3566 ov
