2596 4010
182 177 247 244 148
583 174 652 229 SILI
668 173 804 232 ITALIGI

182 337 304 408 Sistere
326 337 508 404 Fortunam
530 337 711 404 ametando
735 337 872 403 aduersa
894 337 1073 422 fouentem,
1175 355 1211 404 ro

180 427 309 498 Ultima
330 425 488 492 Dardanii
510 426 684 493 transisset
706 427 848 492 nominis
872 430 972 492 aetas

179 516 241 582 Ille
264 515 396 581 modum
420 515 543 601 superis
566 515 601 580 in
624 515 744 581 Punica
766 519 874 581 castra
896 514 1021 581 fauoris

180 604 317 671 Addidit
340 607 373 669 et
395 603 517 688 Libyae
539 603 639 670 finem
660 605 747 669 inter
768 625 926 689 prospera
948 604 1036 669 bella

180 692 341 760 Uincendi
364 693 487 758 statuit
510 692 723 758 tumefactum
746 691 893 758 cladibus
916 692 973 757 ille

181 781 351 869 Hesperiis
373 781 463 847 lento
485 779 631 848 Poenum
653 781 871 847 moderamine
894 780 981 846 lusit.
1173 799 1208 848 15

182 869 317 938 Summe
340 869 467 953 ducum,
491 869 547 954 qui
569 891 671 956 regna
692 871 810 936 iterum
833 868 977 935 labentia
999 869 1122 936 Troiae

180 957 227 1026 Et
249 959 353 1024 fluxas
376 957 464 1024 Latii
485 980 538 1024 res
561 959 784 1044 maiorumque
807 959 946 1042 labores,

182 1046 246 1123 Qui
268 1043 452 1112 Carmentis
474 1068 553 1132 opes
577 1049 610 1112 et
632 1067 734 1132 regna
755 1045 924 1112 Euandria
947 1067 1069 1132 seruas,

183 1133 298 1221 Surge,
322 1156 382 1219 age
406 1139 439 1200 et
461 1135 597 1200 emerito
621 1156 750 1202 sacrum
773 1139 872 1220 capnt
893 1136 999 1200 insere
1022 1137 1128 1203 caelo.

226 1223 274 1288 At
296 1222 420 1308 Libyae
443 1223 566 1308 ductor,
589 1228 762 1308 postquam
784 1245 872 1308 noua
893 1223 1027 1290 nomina
1048 1225 1140 1292 lecto
1170 1243 1207 1292 20

182 1311 351 1378 Dictatore
374 1311 496 1398 uigent,
518 1311 638 1397 raptim
661 1316 788 1378 mutata
810 1312 937 1378 Latinis

183 1399 327 1487 Imperia
348 1400 437 1466 baud
459 1400 583 1469 frustra
604 1405 771 1484 reputans,
793 1421 987 1486 cognoscere
1009 1401 1170 1487 hauebat,

186 1488 276 1566 Quae
298 1488 432 1554 fortune
453 1489 535 1574 uiro,
558 1489 722 1574 quodnam
746 1489 855 1574 decus,
878 1489 993 1554 ultima
1015 1489 1117 1556 fessis

182 1577 313 1643 Ancora
336 1599 393 1642 cnr
415 1575 545 1662 Fabius,
569 1599 664 1662 quem
687 1581 764 1663 post
785 1581 837 1643 tot
857 1577 964 1644 Roma
985 1580 1155 1662 procellas

182 1665 363 1731 Hannibali
384 1668 479 1749 putet
502 1687 574 1731 esse
595 1688 716 1751 parem.
738 1665 866 1732 feruore
890 1671 1037 1732 carentes
1170 1684 1208 1734 25

182 1755 362 1839 Angebant
384 1755 462 1818 anni
483 1753 653 1839 fraudique
676 1755 827 1840 inaperta
849 1757 1006 1842 senectus.
1282 1811 1283 1816 ,

183 1840 283 1907 Ocius
306 1841 445 1906 accitum
469 1842 600 1927 captiuo
623 1864 662 1907 ex
685 1843 815 1928 agmine
837 1843 944 1928 poscit

183 1929 380 2015 Progeniem
402 1931 548 2014 ritusque
572 1931 663 1996 ducis
687 1932 880 2016 dextraeque
903 1931 1043 1998 labores.

184 2017 319 2103 Oilnius,
342 2017 454 2084 Arreti
476 2018 655 2102 Tyrrhenis
678 2023 770 2086 ortus
793 2020 828 2085 in
851 2020 927 2104 oris,
1281 2067 1282 2108 ,

184 2104 319 2172 Glanum
342 2128 461 2172 nomen
483 2111 566 2192 erat,
591 2109 646 2173 sed
669 2109 764 2173 laeua
787 2108 966 2174 adduxerat
988 2109 1071 2176 hora
1172 2128 1209 2178 ao

183 2195 290 2260 Ticini
312 2196 463 2261 iunonem
485 2196 575 2280 ripis,
597 2195 753 2282 fususque
776 2197 899 2262 ruentis

184 2281 329 2349 Uulnere
353 2283 437 2369 equi,
460 2282 593 2368 Libyeis
616 2285 795 2371 praebebat
817 2285 904 2352 oolla
922 2285 1055 2350 catenis.

185 2370 249 2436 Hic
273 2372 389 2438 ardens
416 2379 627 2438 -extrema
650 2374 745 2438 malis
771 2409 809 2421 —
835 2375 1026 2458 abrumpere
1050 2373 1177 2442 uitam:

188 2459 281 2526 ‘Non
304 2483 377 2526 oum
400 2459 564 2526 Flaminio
588 2461 652 2526 tibi
674 2484 735 2544 res,
757 2484 818 2527 nee
840 2461 965 2527 feruida
988 2461 1135 2529 Gracchi

186 2548 225 2613 In
249 2549 400 2614 manibus
424 2547 595 2634 consulta‚'
618 2550 733 2635 inquit.
766 2549 954 2635 ‘Tirynthia
977 2572 1058 2636 gens
1083 2557 1156 2640 est3
1174 2571 1211 2622 35

186 2635 291 2714 Quam
315 2638 343 2703 si
365 2637 435 2704 fate
457 2639 523 2704 tuis
546 2639 744 2724 genuissent,
766 2638 942 2720 Hannibal,
964 2639 1041 2722 oris,

184 2725 358 2792 Terrarum
380 2727 554 2812 imperium
577 2725 788 2813 Carthaginis
812 2750 885 2793 arce
908 2725 1045 2792 uideres.

184 2813 263 2880 Non
285 2835 346 2900 ego
370 2819 403 2880 te
426 2815 527 2901 longa
550 2816 632 2880 serie
650 2837 710 2899 per
732 2817 862 2902 singula
884 2815 1009 2882 ducam.

184 2901 257 2969 Hoc
280 2907 333 2968 sat
356 2903 428 2989 erit,
449 2925 565 2971 nosces
588 2902 710 2970 Fabios
733 2906 907 2970 certamine
931 2903 972 2970 ab
996 2927 1075 2970 uno:

261 3116 294 3165 10
304 3113 457 3166 Fortunam
466 3114 1021 3169 cunctandochounotandoh'ortunams
1059 3117 1209 3190 18regna]

186 3185 264 3239 tecta
281 3181 417 3238 Hecatae
435 3185 547 3252 sceptra
570 3184 681 3252 Withof
689 3183 772 3255 signe
785 3184 874 3240 Bothe
949 3191 984 3240 22
998 3183 1128 3242 habebat
1142 3192 1210 3241 1.οΥ

186 3255 292 3324 agebat
307 3258 331 3306 Ξ
431 3257 466 3308 25
485 3257 614 3310 carentes
632 3255 725 3310 Barth
742 3255 903 3311 calentes!
1005 3260 1041 3310 28
1060 3256 1209 3314 laboress

187 3324 316 3381 laborem
334 3328 371 3376 cb
448 3328 483 3379 29
502 3323 610 3381 Cilnius
630 3331 667 3379 ch
690 3325 798 3381 Cilinus
817 3332 834 3378 s
853 3357 887 3366 -
905 3325 987 3382 Arati
1005 3331 1043 3382 (th
1116 3335 1154 3386 88
1169 3332 1211 3388 aa

120 3423 123 3426 ·
188 3396 355 3466 interponat
371 3400 397 3450 ct
415 3395 582 3465 abrumpere
599 3413 651 3453 eor.
666 3398 696 3452 et
718 3413 846 3468 rumpere
865 3403 881 3450 β
901 3397 935 3450 Η.
950 3415 975 3452 a.
990 3413 1014 3452 e.
1028 3395 1129 3468 malis,
1144 3403 1208 3458 etr.

187 3465 569 3607 fflttnpttfiddtt
586 3469 753 3609 “trra
770 3469 951 3595 stem
968 3467 1003 3524 st
1022 3485 1047 3524 ³·
1067 3472 1210 3541 mm*
1277 3521 1278 3540 ¹

568 3579 578 3607 '
755 3581 761 3594 ·
