2596 4010
190 133 233 197 98
595 133 665 188 SILI
682 133 814 188 ITALICI
921 125 924 130 ’

191 293 335 359 Saeuitia
359 296 504 379 quatitur
527 295 618 382 caeli,
640 299 793 361 manante
815 317 874 380 per
897 316 954 359 ora

191 382 318 466 Perque
342 403 444 468 genas
468 385 569 449 oculo.
593 385 701 451 facilis
726 385 888 468 spreuisse
911 383 1080 468 medentis,

190 470 346 555 Optatum
370 473 450 536 bene
473 472 574 537 credit
597 473 661 537 emi
685 493 887 558 quocumque
910 471 1033 556 periclo

191 559 343 624 Bellundi
365 564 503 644 tempus.
525 583 593 626 non
614 560 733 626 frontis
757 563 862 645 parcit
885 560 1012 643 honori,
1159 578 1216 627 755

190 646 279 713 Dum
302 670 343 712 nc
366 649 482 733 perdat
505 649 581 734 iter;
604 672 671 715 non
694 653 801 714 cetera
824 648 971 713 membra
995 653 1146 748 moratur

189 734 229 800 In
252 736 393 820 pretium
417 737 495 802 belli
519 738 604 818 dare,
628 739 657 802 si
678 738 817 803 uictoria
840 739 968 822 poscat3

191 823 313 910 Sstque
336 829 432 910 putat
455 826 547 910 lucis,
571 824 734 911 Capitolia
758 847 887 892 cernere
911 824 1016 890 uictor

190 912 262 988 Qua
284 916 377 997 petat
400 917 497 999 atque
521 915 642 980 Italum
664 915 761 980 feriat
779 937 843 998 qua
862 914 1043 980 comminus
1067 913 1214 981 hostem.

190 999 283 1066 Talia
305 1003 453 1086 perpessi
475 1003 609 1068 tandem
631 1003 718 1068 inter
741 1025 839 1068 saeua
862 1004 1008 1068 locorum
1157 1020 1213 1070 760

190 1089 330 1173 Optatos
352 1113 469 1154 uenere
493 1093 592 1176 lacus,
615 1093 672 1156 ubi
695 1092 808 1157 deinde
831 1113 890 1176 per
914 1112 1004 1155 arma

190 1175 339 1242 Sumeret
363 1179 474 1244 amissi
496 1202 671 1246 numerosa
693 1181 822 1265 piacula
845 1180 945 1244 uisus.

235 1266 319 1332 Ecce
343 1271 452 1332 autem
476 1273 585 1353 patres
610 1269 745 1334 aderant
768 1268 966 1353 Carthagine
990 1267 1097 1351 missi3

190 1353 298 1420 Causa
320 1357 393 1420 uiae
416 1379 481 1422 non
504 1379 608 1441 parua
630 1357 719 1439 uiris,
742 1379 801 1422 nec
824 1357 912 1422 laeta
934 1354 1092 1420 ferebant.

188 1443 261 1508 Mos
284 1443 347 1508 fuit
369 1444 404 1508 in
426 1446 567 1530 populis,
589 1468 670 1530 quos
695 1445 839 1511 condidit
862 1446 987 1510 aduena
1009 1442 1105 1529 Dido,
1154 1462 1212 1511 ros

189 1531 326 1596 Poscere
350 1532 446 1597 caede
470 1534 547 1599 deos
570 1536 701 1598 ueniam
725 1555 762 1598 ac
784 1534 1000 1618 flagrantibus
1024 1531 1099 1616 aris,

188 1619 362 1684 Infandum
386 1621 487 1685 dictu!
512 1643 632 1705 paruos
656 1623 822 1706 imponere
846 1626 950 1686 natos.

188 1707 280 1773 Urna
302 1707 478 1773 reducebat
501 1709 703 1775 miserandos
728 1732 836 1774 annua
858 1731 962 1794 casus,

189 1793 289 1860 Sacra
312 1795 500 1862 Thoanteae
522 1797 672 1882 ritusque
694 1799 825 1863 imitata
847 1797 981 1864 Dianae.
1037 1806 1041 1818 '
1282 1845 1283 1894 p

189 1882 249 1949 Oui
272 1883 341 1948 fato
366 1885 510 1970 sortique
534 1885 628 1952 deum
652 1887 690 1951 dc
714 1909 803 1952 more
825 1887 960 1971 petebat
1157 1905 1215 1956 770
1282 1897 1283 1976 t

187 1971 385 2036 Hannibalis
407 1975 535 2058 prolem
559 1974 681 2040 discors
707 1975 886 2059 antiquitus
910 1975 1060 2040 Hannon.

191 2059 254 2125 Sed
277 2061 411 2144 propior
434 2068 542 2128 metus
566 2064 684 2128 armati
707 2065 850 2129 ductoris
875 2064 915 2128 ab
939 2065 989 2128 ira

189 2148 236 2214 Et
258 2170 378 2234 magna
401 2155 476 2214 ante
500 2152 610 2216 oculos
634 2152 745 2216 stabat
769 2152 926 2238 genitoris
949 2152 1069 2236 imago.

232 2237 375 2323 Asperat
397 2238 487 2322 hacc,
510 2239 641 2304 foedata
664 2262 763 2325 genas
787 2242 991 2325 lacerataque
1015 2239 1125 2325 crinis,

189 2324 299 2410 Atque
322 2327 436 2411 urbem
460 2329 603 2412 complet
625 2329 743 2393 maesti
766 2329 918 2394 clamoris
942 2328 1062 2393 Imilce.
1154 2349 1212 2398 775
1280 2411 1281 2420 ¹

187 2413 313 2480 Edonis
337 2419 374 2480 nt
397 2415 551 2502 Pangaea
574 2440 670 2501 super
692 2417 857 2482 trieteride
880 2421 972 2482 mota

189 2500 221 2566 It
243 2504 321 2589 iuga
345 2509 378 2569 et
400 2504 562 2570 inclusum
585 2507 730 2590 suspirat
752 2510 882 2590 pectore
906 2505 1077 2570 Bacchum.

190 2590 280 2676 Ergo
304 2593 390 2657 inter
412 2593 538 2676 Tyrias,
562 2595 687 2659 facibus
711 2616 767 2659 ceu
792 2594 930 2677 subdita,
955 2599 1073 2658 matres

190 2677 334 2745 Clamat:
359 2680 413 2746 ‘Io
437 2683 563 2766 coniux,
587 2705 787 2768 quocumque
810 2683 845 2748 in
868 2683 998 2748 cardine
1021 2683 1135 2748 mundi

188 2765 284 2832 Bella
307 2791 428 2854 moues,
450 2771 514 2835 huc
538 2771 632 2855 signa
655 2771 748 2837 refer.
772 2771 947 2836 uiolentior
969 2771 1022 2835 hic
1045 2775 1104 2854 est,
1155 2791 1211 2840 780

125 2889 128 2894 -
190 2854 254 2920 Hic
277 2857 383 2921 hostis
405 2861 547 2942 propior.
570 2863 606 2923 tn
629 2882 715 2924 nunc
738 2860 877 2924 fortasse
901 2862 960 2925 sub
985 2860 1064 2943 ipsis

190 2942 289 3008 Urbis
312 2945 497 3012 Dardaniae
521 2948 623 3012 muris
646 2947 811 3014 uibrantia
833 2949 900 3014 tela

188 3031 322 3118 Excipis
346 3037 524 3118 intrepidus
549 3037 654 3122 clipeo
678 3059 871 3122 saeuamque
896 3058 1068 3104 coruscans

262 3283 313 3334 753
332 3277 505 3336 madentisfl
598 3286 648 3337 759
668 3283 783 3352 petatis
811 3285 898 3350 queat
915 3283 955 3337 cd.
969 3281 1059 3339 Basti.
1074 3285 1154 3339 1522
1174 3318 1210 3328 -

187 3347 283 3421 feriat]
304 3353 400 3404 seruet
417 3367 473 3406 rau
496 3352 568 3408 771111
651 3359 701 3408 773
720 3353 856 3422 genitoris
876 3359 919 3405 cm
933 3354 989 3422 Ep.
1005 3356 1040 3406 59
1059 3357 1098 3405 oh
1125 3357 1212 3412 reds-

187 3421 299 3474 untiss
501 3430 553 3478 774
571 3421 693 3492 Asperat
710 3425 870 3480 haeccml.
886 3424 903 3480 7.
931 3423 1021 3494 Asper
1040 3423 1076 3478 ad
1095 3424 1212 3482 husos

190 3495 241 3545 776
260 3489 338 3546 mota
357 3493 396 3547 ed.
415 3491 597 3550 1111111511
616 3495 695 3548 motu
714 3501 730 3546 s
