2596 4010
386 201 601 258 PUNICORUM
619 201 729 258 LIBER
746 201 794 257 lV.
1062 201 1105 268 89

95 367 184 434 Uera
205 365 293 432 Iouis
316 367 437 449 proles3
463 367 496 436 et
519 365 622 430 adhuc
645 363 769 430 maiora
793 369 979 451 supersunt,

98 456 162 524 Sed
185 459 349 540 nequeunt
371 454 509 519 meliora
531 453 622 519 dari?
659 453 743 518 Tum
765 454 878 519 nubila
898 454 1033 520 Mauors

95 546 312 628 Aetheraque,
334 564 466 608 emenso
488 546 593 607 terras
616 542 682 606 iam
706 543 782 624 sole,
801 545 955 630 capessit3

96 635 142 700 Et
163 635 267 698 fessas
291 631 376 696 acies
399 631 515 696 castris
538 633 680 696 clausere
703 631 863 696 tenebrae.

142 720 310 788 Condebat
331 723 460 785 noctem
483 720 604 785 deuexo
628 717 770 804 Cynthia
793 742 898 804 curru,
1054 737 1108 788 480

96 811 262 894 Fraternis
286 808 398 874 afflata
419 808 510 892 rotis,
533 812 566 873 et
589 809 630 874 ab
654 829 793 894 aequore
809 809 887 873 Eoo
1099 809 1101 814 ’

99 899 284 986 Surgebant
305 919 418 962 roseae
441 897 549 962 media
571 897 657 962 inter
680 897 808 962 caerula
830 897 988 962 flammae.

100 989 147 1055 At
170 988 292 1071 consul,
314 986 419 1051 tristis
444 1007 575 1070 campos
598 985 779 1070 Poenisque
803 986 976 1051 secundam

95 1077 269 1143 Planiticm
293 1079 451 1158 metuens,
473 1075 623 1140 Trebiam
647 1075 802 1158 collisque
825 1075 966 1158 petebat.

95 1166 231 1251 Iamque
255 1163 323 1229 dies
345 1165 432 1246 rapti
455 1185 551 1229 cursu
564 1179 722 1248 'nauoque
744 1163 879 1244 labore,
1055 1179 1108 1231 480

97 1254 143 1320 Εο
165 1253 272 1319 medio
296 1253 453 1336 abruptus
475 1251 629 1316 fluitabat
650 1252 685 1316 in
707 1274 800 1317 amne
825 1251 939 1316 solutis

98 1344 187 1409 Pons
210 1341 337 1425 uinclis,
361 1339 417 1424 qui
439 1338 641 1405 Dardanium
664 1341 849 1404 trauexerat
873 1361 998 1426 agmen,

98 1431 234 1498 Eridani
257 1429 388 1514 rapidas
412 1428 524 1493 aderat
547 1450 621 1494 cum
642 1429 769 1494 Poenus
794 1429 834 1493 ad
858 1429 969 1494 undas.

97 1521 250 1604 Dumque
273 1518 357 1583 uada
380 1520 413 1582 et
434 1517 543 1582 mollis
567 1517 671 1582 aditus
694 1537 752 1601 per
775 1516 870 1582 deuia
891 1517 974 1584 flexo

98 1608 243 1676 Circuitu
266 1607 349 1692 petit
372 1610 405 1671 et
428 1606 537 1690 stagni
559 1605 750 1690 languentia
774 1606 908 1691 quaerit,
1056 1623 1110 1673 490

97 1698 266 1763 Interdum
289 1699 385 1779 rapta
406 1695 521 1760 uicinis
546 1695 682 1760 saltibus
707 1696 780 1760 alno

98 1786 305 1852 Flumineam
327 1784 419 1868 texit,
442 1806 506 1868 qua
523 1783 675 1849 trauehat
697 1783 838 1868 agmina,
861 1784 1013 1850 classem:

97 1875 184 1941 Ecce
208 1873 320 1939 aderat
342 1872 541 1957 Trebiaeque
564 1873 662 1937 simul
683 1873 791 1937 uicina
813 1873 954 1957 tenebat,

98 1962 265 2028 Trinacrio
290 1961 412 2026 accitus
435 1982 494 2044 per
517 1962 646 2026 caerula
668 1961 767 2044 longa
790 1960 915 2045 Peloro,

99 2050 319 2118 Gracchorum
342 2050 459 2133 proles,
482 2051 601 2115 consul.
626 2069 705 2135 gens
728 2049 840 2115 inclita
864 2071 983 2136 magno
1056 2066 1109 2117 400

50 2206 56 2214 ,
98 2141 207 2224 Atque
231 2138 377 2203 animosa
399 2137 480 2222 uir0,
503 2139 687 2222 multusque
709 2139 744 2202 in
766 2138 909 2223 imagine
932 2139 1029 2204 claris

98 2227 332 2314 Praefulgebat
355 2248 435 2292 auus
459 2226 566 2291 titulis
588 2226 730 2311 bellique
754 2227 915 2311 domique.
1092 2223 1094 2228 ’

144 2315 215 2383 Νο0
237 2315 348 2399 Poeni,
370 2315 488 2400 positis
506 2319 597 2380 trans
622 2337 749 2380 amnem
766 2316 801 2380 in
815 2315 965 2401 gramine
985 2317 1111 2400 castris,

101 2405 257 2487 Decrant3
279 2427 420 2488 namque
443 2405 569 2470 animos
594 2403 808 2471 stimulabant
828 2425 984 2487 prospera
1002 2426 1110 2468 rerum

99 2495 366 2580 Increpitansque
390 2514 486 2576 super
509 2492 635 2558 ductor:
660 2491 754 2568 ‘Quis
777 2493 892 2556 tertius
915 2493 988 2558 urbi
1060 2509 1112 2557 000
1206 2555 1210 2566 ,

100 2583 172 2649 Iam
196 2586 343 2665 superest
366 2582 499 2648 consul?
523 2603 682 2665 quaenam
706 2582 808 2646 altera
830 2582 897 2651 rest
920 2583 934 2643 t
956 2579 1111 2646 inarmis

103 2671 258 2738 Sicania?
282 2693 322 2736 en
344 2691 456 2736 omnes
475 2669 588 2734 Latiae
612 2669 782 2754 Daunique
805 2672 960 2752 nepotum

101 2759 291 2826 Conuenere
314 2781 437 2824 manus.
459 2758 579 2823 feriant
600 2778 686 2822 nunc
708 2757 839 2822 foedera
862 2777 987 2821 mecum

99 2849 261 2914 Ductores
283 2847 404 2912 Italum
428 2869 464 2912 ac
487 2847 575 2932 leges
599 2851 633 2910 et
654 2849 750 2928 pacta
773 2848 956 2928 reposcant.

101 2937 149 3002 At
170 2941 216 3020 tu,
239 2935 359 3000 donata
380 2937 447 2999 tela
469 2935 556 2999 inter
577 2933 699 2998 Martia
721 2933 802 3018 luce,
1060 2948 1112 3000 000

100 3024 223 3091 Infelix
247 3025 382 3106 animae,
406 3023 462 3105 sic,
485 3022 530 3088 sic
552 3022 710 3106 uiuasque
733 3025 854 3106 tuoque
949 3087 951 3094 ,

102 3113 170 3180 Des
193 3113 313 3177 iterum
335 3112 421 3177 hano
443 3111 573 3176 laudem
590 3115 685 3196 nato;
708 3131 766 3176 nec
788 3110 852 3176 fine
875 3110 935 3176 sub
960 3111 1032 3176 aeui

174 3364 225 3415 481
244 3357 326 3429 rotis]
345 3356 432 3412 radiis
450 3373 506 3413 cau
524 3355 596 3413 Vera
682 3362 734 3412 483
753 3356 790 3411 Et
807 3355 957 3413 Liuineius
974 3387 1008 3398 -
1022 3355 1114 3412 tristia

102 3431 249 3488 coatraoar't
264 3433 329 3485 'carra
346 3445 459 3498 campos
477 3444 534 3485 aaa
556 3427 628 3484 Veca
712 3433 763 3482 480
782 3430 879 3496 raptus
900 3429 1074 3498 Dcusqacc‘uc
1088 3433 1114 3483 ct

103 3502 296 3558 Sctlicbteisca
309 3531 343 3540 -
357 3516 488 3568 nauoque
501 3499 635 3555 Heinsius
653 3514 781 3568 uanoque
800 3503 858 3552 000
876 3498 1010 3566 uarioque
1029 3500 1115 3570 00190

100 3579 156 3660 :²⁸⁶
175 3571 310 3627 ductabat
327 3577 368 3624 LE
386 3571 541 3626 fluctuabat
559 3574 601 3623 ov
673 3575 724 3625 003
744 3585 839 3626 uersas
856 3570 927 3625 deest
945 3571 1015 3625 0010
1105 3615 1250 3760 ,h
