2596 4010
198 187 240 252 76
599 187 666 242 SILI
684 186 819 242 ITALICI

242 350 332 414 Haec
356 349 403 413 ait
424 353 521 433 atque
545 370 663 434 agmen
686 349 790 414 Ticini
812 349 914 415 flectit
938 350 983 420 ad,
1001 351 1117 417 undas.

198 437 370 504 Caeruleus
394 437 523 502 Ticinus
548 460 649 522 aquas
673 443 705 502 ct
729 443 848 522 stagna
870 438 993 504 uadoso

196 527 390 610 Perspicuae
414 530 524 590 seruat
547 527 674 591 turbari
696 527 805 592 nescia
826 527 928 591 fundo

197 617 246 680 Ao
268 614 408 680 nitidum
431 614 528 679 uiridi
551 616 638 680 lente
661 615 764 679 trabit
787 637 881 679 amne
905 615 1075 699 liquorem.

198 704 263 770 Uir
287 703 399 770 credas
422 703 502 784 labi;
525 703 606 787 ripis
629 708 699 768 tam
722 704 811 768 mitis
835 704 955 788 opacis,
1187 722 1222 771 85

198 791 343 878 Argutos
366 793 451 857 inter
474 793 645 858 uolucrum
668 794 843 857 certamine
867 796 989 876 cantus,

200 879 418 946 Somniferam
441 880 530 946 ducit
553 880 675 945 lucenti
699 881 830 966 gurgite
853 881 1032 964 lympham.

242 969 375 1054 Iamque
399 971 459 1034 sub
484 973 666 1035 extremum
688 969 794 1035 noctis
817 969 1019 1054 fugientibus
1043 971 1176 1036 umbris

198 1058 268 1122 Lux
291 1058 411 1142 aderat,
436 1057 640 1142 Somnusque
663 1080 738 1122 suas
762 1057 945 1123 confecerat
968 1058 1067 1123 boras
1090 1095 1137 1106 —

197 1146 376 1230 Explorare
400 1147 490 1212 locos
514 1147 628 1212 consul
652 1146 808 1230 collisque
831 1145 1006 1231 propinqui
1184 1164 1220 1214 90

198 1235 378 1320 Ingenium,
402 1240 435 1300 et
458 1235 582 1320 campis
606 1257 688 1319 quae
713 1236 904 1307 situatum,
928 1236 1077 1320 parabat.

199 1323 264 1388 Par
287 1324 430 1388 studium
453 1325 564 1390 Poeno
588 1323 776 1408 similesque
799 1323 834 1386 in
856 1327 988 1408 pectore
1011 1345 1119 1390 curae.

198 1411 288 1495 Ergo
312 1413 456 1496 aderant,
479 1412 602 1497 rapidis
627 1412 773 1496 equitum
797 1411 1027 1477 comitantibus
1052 1412 1124 1477 alis.

244 1500 368 1566 Uerum
391 1501 448 1565 ubi
472 1503 634 1566 commoto
659 1500 837 1566 docuerunt
859 1501 993 1584 puluere
1015 1501 1120 1565 nubes

198 1589 338 1654 Hostem
356 1590 440 1654 ferre
460 1589 606 1674 gradum,
625 1592 658 1652 et
676 1589 811 1672 propius
830 1589 1027 1674 propiusque
1046 1611 1170 1656 sonoro
1185 1607 1220 1656 90

200 1677 450 1761 Quadrupedum
473 1699 574 1742 cornu
596 1677 695 1741 tellus
719 1677 831 1763 gemit,
855 1699 892 1742 ac
916 1678 1012 1742 simul
1036 1699 1110 1744 acer

199 1765 398 1831 Uincentum
423 1766 523 1830 lituos
546 1764 695 1830 hinnitus
719 1768 825 1830 saeuit
849 1787 1018 1850 equorum:

201 1848 339 1937 ‘Arma'
356 1853 430 1938 uiri,
452 1854 559 1938 rapite
583 1876 683 1938 arma,
706 1853 790 1939 uiri‚'
815 1854 879 1918 dux
901 1854 1005 1918 instat
1028 1857 1179 1940 uterque.

199 1942 369 2006 Ambobus
393 1943 489 2007 uelox
512 1942 616 2007 uirtus
641 1943 852 2028 geminusque
876 1942 993 2027 cupido

200 2031 321 2096 Laudis
345 2034 378 2095 et
401 2031 442 2095 ad
464 2052 592 2116 pugnas
615 2032 819 2115 Martemque
841 2031 971 2096 insania
994 2053 1141 2096 concors.
1167 2049 1222 2098 100

243 2118 341 2183 Haud
364 2141 465 2203 mora,
488 2119 554 2183 iam
576 2123 706 2184 tantum
729 2120 835 2204 campi
859 2119 1032 2184 dirimebat
1056 2120 1097 2184 ab
1121 2121 1204 2203 ictu,

201 2206 366 2283 Quantum
388 2207 531 2292 impulsa
553 2209 643 2272 ualet
665 2207 894 2291 comprendere
918 2208 1031 2273 lancea
1053 2208 1153 2295 nodo,

201 2294 282 2362 Cum
307 2295 451 2361 subitum
475 2295 607 2380 liquida,
629 2319 696 2361 non
719 2296 796 2360 ullis
819 2295 971 2381 nubibus,
994 2297 1110 2362 aethra

199 2383 386 2467 Augurium
409 2389 533 2449 mentes
557 2385 732 2469 oculosque
752 2385 793 2450 ad
816 2385 922 2450 sidera
945 2386 1055 2450 uertit.

199 2473 373 2557 Accipiter,
396 2473 501 2538 medio
525 2473 661 2537 tendens
684 2495 704 2536 a
726 2473 830 2538 limite
854 2474 943 2556 solis,
1169 2492 1223 2541 100

199 2561 343 2628 Dilectae
367 2560 488 2627 Ueneri
510 2567 669 2646 notasque
694 2563 735 2626 ab
758 2562 882 2627 honore
906 2561 1028 2626 Diones

77 2693 80 2700 «
199 2650 367 2716 Turbabat
388 2651 551 2716 uiolentus
575 2672 652 2715 aues
677 2655 774 2734 atque
798 2651 962 2736 unguibus
985 2649 1080 2732 idem,

199 2739 291 2804 Idem
314 2761 399 2804 nunc
422 2744 539 2822 rostro,
563 2738 652 2803 duris
675 2761 761 2803 nunc
783 2738 903 2804 ictibus
927 2739 1007 2822 alae,

199 2826 263 2891 Ter
286 2827 402 2912 quinas
425 2828 557 2892 dederat
580 2849 680 2892 saeua
702 2827 787 2892 inter
810 2829 947 2892 uulnera
969 2827 1049 2911 100ος

200 2914 270 2980 Nec
293 2915 366 2979 finis
391 2915 541 2999 satiesue,
564 2916 643 2980 noui
667 2915 723 2979 sed
747 2915 915 3001 sanguinis
941 2915 1037 2979 ardor
1168 2933 1223 2984 110

201 3003 353 3088 Gliscere,
377 3007 410 3068 et
431 3004 570 3089 urgebat
587 3003 749 3087 trepidam
771 3003 837 3068 iam
860 3004 956 3069 caede
979 3002 1128 3088 priorum

200 3129 414 3138 --.-----

273 3201 307 3250 83
326 3193 491 3264 Perspicuae
512 3201 528 3247 0
646 3201 680 3250 86
700 3193 852 3250 certamine
871 3199 929 3246 ebs
958 3194 1114 3249 conamina
1131 3197 1221 3268 100190

201 3272 236 3322 88
249 3266 423 3336 fugientibus
434 3271 478 3317 cm
491 3266 547 3336 Ep.
558 3271 595 3321 66
608 3266 783 3336 fulgentibus
797 3266 855 3320 cdd.
868 3281 953 3319 acon.
969 3271 1033 3320 uest.
1094 3271 1129 3320 89
1145 3266 1219 3322 duas

200 3338 336 3394 Haustus
349 3342 460 3405 uterque
568 3343 602 3392 98
621 3337 748 3406 rapites
777 3335 868 3405 capite
887 3341 923 3388 cb
1031 3341 1083 3391 100
1102 3353 1219 3394 consors

200 3408 336 3464 Heinsius
445 3413 495 3461 103
514 3406 625 3475 liquido
645 3415 661 3459 s
769 3413 820 3462 110
840 3405 966 3461 saciesue
984 3411 1049 3458 arv
1076 3424 1218 3477 sacraene,

200 3481 247 3534 eccl
275 3495 290 3532 e
318 3496 352 3534 m.
381 3483 398 3531 1
421 3494 557 3546 suprascr.
590 3482 609 3529 0
647 3477 769 3534 satiasue
806 3478 984 3547 Duasqueius
1016 3477 1064 3545 (cs.
1090 3477 1140 3536 VI.
1165 3483 1217 3546 52)

202 3555 252 3604 111
272 3548 410 3620 priorum]
431 3565 543 3603 suorum
562 3553 582 3600 1.
