2596 4010
210 163 274 230 122
613 162 830 218 snrrumicr

209 325 306 389 Disce
330 325 423 389 mori.
447 325 539 389 dabit
561 325 742 408 exemplum
765 347 832 391 non
854 325 920 390 uile
944 323 1065 388 futuris

209 413 405 497 Flaminius3
428 435 469 477 ne
492 417 586 498 terga
607 413 718 498 Libys,
740 435 781 478 ne
805 412 968 480 Cantaber
991 435 1158 498 umquam

210 500 362 568 Consulis
387 501 533 585 aspiciat.
558 502 656 586 solus,
679 502 708 566 si
730 505 824 566 tanta
847 502 948 566 libido
1185 518 1240 568 640

208 589 271 655 Est
294 591 388 654 uobis
411 590 583 674 rabiesque
605 589 713 675 fugae,
736 591 804 654 tela
828 591 936 654 omnia
958 590 1048 654 solus

208 677 345 744 Pectore
368 700 524 744 consumo
548 682 580 743 et
602 679 754 762 moriens,
776 678 922 763 fugiente
944 700 1003 762 per
1026 699 1130 742 auras

209 767 281 832 Hac
304 767 422 851 anima,
445 771 571 831 uestras
593 767 753 831 reuocabo
777 767 818 831 ad
840 767 967 851 proelia
989 766 1151 831 dextras?

254 847 405 940 Dumque
420 877 458 920 ea
471 859 703 921 commemorat
712 855 891 938 densosque
901 854 972 920 obit
982 854 1102 920 obuius
1113 855 1240 941 hostis,
1282 903 1283 920 a

209 941 357 1010 Aduolat
380 965 438 1008 ora
459 943 547 1008 ferus
571 947 777 1028 mentemque
800 943 971 1008 Ducarius.
994 943 1063 1008 aeri
1186 961 1238 1010 646
1281 921 1283 972 ¹

211 1031 339 1097 Nomen
363 1036 433 1096 erat
456 1032 578 1118 gentile
602 1031 683 1113 uiro,
704 1031 850 1115 fusisque
874 1032 1013 1097 cateruis

210 1119 366 1186 Boiorum
389 1120 551 1204 quondam
574 1119 699 1205 patriis,
723 1120 858 1204 antiqua
881 1121 1015 1205 gerebat

210 1207 357 1274 Uulnera
379 1208 569 1273 barbaricae
593 1210 725 1293 mentis3
746 1230 947 1293 noscensque
972 1207 1110 1291 superbi

210 1295 356 1362 Uictoris
381 1297 507 1362 uultus:
531 1295 659 1380 ‘Tunej
682 1296 797 1382 inquit,
821 1295 998 1362 ‘maximus
1021 1295 1078 1380 ille

211 1384 367 1450 Boiorum
390 1385 520 1450 terror?
544 1385 626 1450 libet
648 1385 710 1449 hoc
734 1405 928 1469 cognoscere
950 1385 1027 1468 telo,
1189 1404 1242 1454 660

212 1471 368 1557 Corporis
393 1496 435 1538 an
456 1474 542 1537 tanti
565 1476 677 1538 manet
700 1473 739 1536 de
761 1473 896 1538 uulnere
920 1473 1063 1560 sanguis.

211 1561 281 1627 Nec
304 1583 363 1626 uos
387 1561 562 1644 paeniteat,
585 1562 770 1646 populares,
792 1561 933 1626 fortibus
957 1561 1082 1626 umbris

209 1648 282 1714 Hoc
305 1653 449 1713 mactare
474 1653 579 1732 caput.
602 1653 734 1714 nostros
758 1649 811 1713 hie
834 1650 983 1714 curribus
1006 1649 1077 1734 egit

211 1736 371 1801 Insistens
394 1737 500 1802 uictos
524 1737 592 1802 alta
615 1737 656 1802 ad
680 1736 844 1821 Capitolia
866 1741 986 1822 patres.

210 1824 320 1890 Ultrix
343 1825 424 1889 hora
447 1825 563 1890 uocat?
599 1825 726 1890 Pariter
749 1829 827 1891 tunc
850 1826 991 1910 undique
1013 1825 1100 1891 fusis
1189 1847 1241 1897 666
1282 1839 1283 1856 ³

211 1912 369 1978 Obruitur
392 1913 478 1997 telis,
499 1913 675 1998 nimboque
699 1918 813 1978 ruente
836 1935 895 1998 per
919 1936 1014 1979 auras

211 1999 400 2085 Gontectus‚
423 2001 505 2066 nulli
528 2003 642 2066 dextra
664 2002 786 2068 iactare
810 2002 943 2087 reliquit

210 2089 408 2153 Flaminium
431 2090 583 2156 cecidisse
607 2113 674 2155 sua.
697 2112 756 2154 nec
778 2112 889 2176 pugna
911 2094 1081 2175 perempto

210 2175 358 2242 Ulterior
382 2178 514 2242 ductore
537 2179 613 2263 fuit;
635 2201 775 2262 namque
799 2179 929 2264 agmine
953 2180 1052 2243 denso

210 2263 375 2330 Primores
398 2267 561 2349 iuuenum,
583 2267 677 2330 laeua
700 2269 741 2331 ob
766 2267 953 2332 discrimina
975 2267 1092 2333 Martis
1184 2290 1236 2338 660

209 2353 333 2418 Infensi
356 2355 482 2438 superis
506 2355 690 2438 dextrisque
714 2358 747 2418 ct
770 2377 900 2420 cernere
922 2355 1068 2420 Poenum
1280 2413 1281 2434 2

209 2441 377 2508 Uictorem
399 2444 474 2526 plus
497 2446 602 2507 morte
625 2443 699 2525 rati,
722 2465 818 2528 super
841 2444 930 2510 ocius
954 2465 1067 2508 omnes

183 2611 190 2624 .
210 2530 359 2596 Membra
382 2531 472 2596 ducis
497 2535 681 2616 stratosque
705 2535 796 2596 artus
820 2533 995 2596 certamine
1018 2553 1145 2618 magno

209 2618 352 2705 Telaque
376 2641 576 2704 corporaque
600 2623 633 2683 et
655 2641 722 2684 non
743 2619 853 2684 fausto
876 2619 982 2684 Marte
1005 2626 1163 2686 cruentas

211 2706 354 2773 iniecere
378 2731 501 2774 manus.
525 2708 571 2774 sic
589 2708 682 2772 densi
705 2708 812 2772 caedis
832 2729 957 2792 aceruo,
1181 2729 1232 2778 666
1279 2741 1280 2762 2

215 2793 282 2860 Ceu
304 2797 441 2880 tumulo,
464 2802 572 2862 texere
594 2796 711 2861 uirum.
733 2800 813 2880 tum,
836 2799 947 2882 strage
969 2818 1027 2880 per
1050 2798 1170 2882 undas,

210 2882 271 2947 Per
295 2885 394 2948 siluas
419 2907 533 2968 sparsa
556 2907 676 2969 perque
700 2886 801 2950 altam
826 2885 982 2970 sanguine
1005 2885 1140 2972 uallem,

211 2970 251 3034 ln
274 2972 396 3036 medias
419 2972 520 3037 fratre
544 2975 691 3038 inuectus
715 2974 891 3054 comitante
916 2977 1064 3038 cateruas

214 3057 390 3124 (laesorum
414 3061 567 3126 iuuenum
590 3060 732 3126 Poenus:
757 3060 861 3137 ‘Quae
884 3063 1020 3126 uulnera
1044 3064 1181 3130 cernis?

210 3145 298 3222 Quas
322 3148 486 3213 mortes?
509 3149 625 3233 inquit.
649 3147 785 3232 ‘premit
808 3151 913 3214 omnis
937 3151 1069 3215 dextera
1093 3152 1229 3238 ferrum,

280 3309 332 3358 645
350 3309 376 3359 et
394 3308 446 3358 646
461 3303 651 3359 acreMomen
665 3306 752 3360 Bothe
799 3311 851 3360 646
870 3306 1034 3376 4060600166
1086 3312 1141 3363 648
1155 3327 1228 3365 mor-

208 3373 244 3428 tis
264 3376 352 3429 Bothe
434 3381 485 3430 649
504 3375 668 3430 Π666οτ666
740 3377 877 3448 66016666
896 3383 932 3430 eb
1005 3382 1057 3432 663
1072 3380 1227 3434 nostraso

207 3445 311 3499 nostris
329 3450 394 3498 660
511 3445 664 3501 66010606
682 3447 717 3501 ob
737 3452 781 3500 cm
794 3447 851 3515 Ep.
865 3453 905 3504 26
918 3454 960 3500 410
978 3463 1046 3502 seua
1065 3447 1102 3503 ob
1122 3455 1142 3502 0
1161 3468 1228 3508 scus

207 3515 244 3568 ad
263 3520 285 3566 v
304 3515 379 3570 laeui
398 3517 530 3572 Heinsius
601 3521 653 3570 666
672 3517 775 3571 densae
793 3517 929 3572 Heinsius
