<?xml version="1.0" encoding="UTF-8"?>
<!DOCTYPE html PUBLIC "-//W3C//DTD XHTML 1.0 Transitional//EN"
    "http://www.w3.org/TR/xhtml1/DTD/xhtml1-transitional.dtd">
<html xmlns="http://www.w3.org/1999/xhtml" xml:lang="en" lang="en">
 <head>
  <title>
</title>
<meta http-equiv="Content-Type" content="text/html;charset=utf-8" />
  <meta name='ocr-system' content='tesseract 3.04.00' />
  <meta name='ocr-capabilities' content='ocr_page ocr_carea ocr_par ocr_line ocrx_word'/>
</head>
<body>
  <div class='ocr_page' id='page_1' title='image "./siliitalicipuni01italgoog_0244.png"; bbox 0 0 2632 4014; ppageno 0'>
   <div class='ocr_carea' id='block_1_1' title="bbox 424 139 1133 207">
    <p class='ocr_par' dir='ltr' id='par_1_1' title="bbox 424 139 1133 207">
     <span class='ocr_line' id='line_1_1' title="bbox 424 139 1133 207; baseline 0.016 -11"><span class='ocrx_word' id='word_1_1' title='bbox 424 141 640 198; x_wconf 86' lang='lat' dir='ltr'><strong><em>PUNICORUM</em></strong></span> <span class='ocrx_word' id='word_1_2' title='bbox 654 141 762 196; x_wconf 80' lang='lat' dir='ltr'>LIBER</span> <span class='ocrx_word' id='word_1_3' title='bbox 780 141 813 196; x_wconf 91' lang='lat' dir='ltr'>X.</span> <span class='ocrx_word' id='word_1_4' title='bbox 1066 139 1133 207; x_wconf 77' lang='lat'>225</span> 
     </span>
    </p>
   </div>
   <div class='ocr_carea' id='block_1_2' title="bbox 109 303 1130 2936">
    <p class='ocr_par' dir='ltr' id='par_1_2' title="bbox 109 303 1130 2936">
     <span class='ocr_line' id='line_1_2' title="bbox 163 303 1130 389; baseline -0.002 -16"><span class='ocrx_word' id='word_1_5' title='bbox 163 307 233 373; x_wconf 89' lang='lat' dir='ltr'>Has</span> <span class='ocrx_word' id='word_1_6' title='bbox 256 308 340 372; x_wconf 90' lang='lat' dir='ltr'>inter</span> <span class='ocrx_word' id='word_1_7' title='bbox 364 309 491 389; x_wconf 89' lang='lat' dir='ltr'>strages</span> <span class='ocrx_word' id='word_1_8' title='bbox 515 303 629 388; x_wconf 90' lang='lat' dir='ltr'>rapido</span> <span class='ocrx_word' id='word_1_9' title='bbox 653 307 776 368; x_wconf 90' lang='lat' dir='ltr'>terrore</span> <span class='ocrx_word' id='word_1_10' title='bbox 800 304 912 388; x_wconf 85' lang='lat' dir='ltr'>coorti,</span> <span class='ocrx_word' id='word_1_11' title='bbox 1079 321 1130 372; x_wconf 79' lang='grc'>180</span> 
     </span>
     <span class='ocr_line' id='line_1_3' title="bbox 117 392 974 480; baseline -0.007 -18"><span class='ocrx_word' id='word_1_12' title='bbox 117 396 281 462; x_wconf 74' lang='lat' dir='ltr'>inuadunt</span> <span class='ocrx_word' id='word_1_13' title='bbox 303 399 399 480; x_wconf 88' lang='lat' dir='ltr'>terga</span> <span class='ocrx_word' id='word_1_14' title='bbox 423 397 520 477; x_wconf 89' lang='lat' dir='ltr'>atque</span> <span class='ocrx_word' id='word_1_15' title='bbox 545 413 659 457; x_wconf 89' lang='lat' dir='ltr'>auerso</span> <span class='ocrx_word' id='word_1_16' title='bbox 683 392 813 457; x_wconf 77' lang='lat' dir='ltr'>turbine</span> <span class='ocrx_word' id='word_1_17' title='bbox 836 393 974 458; x_wconf 89' lang='lat' dir='ltr'>miscent</span> 
     </span>
     <span class='ocr_line' id='line_1_4' title="bbox 118 479 981 568; baseline -0.006 -18"><span class='ocrx_word' id='word_1_18' title='bbox 118 486 212 550; x_wconf 92' lang='lat' dir='ltr'>Bella</span> <span class='ocrx_word' id='word_1_19' title='bbox 234 484 369 568; x_wconf 91' lang='lat' dir='ltr'>inopina</span> <span class='ocrx_word' id='word_1_20' title='bbox 391 483 463 565; x_wconf 90' lang='lat' dir='ltr'>uiri,</span> <span class='ocrx_word' id='word_1_21' title='bbox 486 481 603 566; x_wconf 87' lang='lat' dir='ltr'>Tyrius</span> <span class='ocrx_word' id='word_1_22' title='bbox 627 501 708 566; x_wconf 90' lang='lat' dir='ltr'>quos</span> <span class='ocrx_word' id='word_1_23' title='bbox 731 479 846 545; x_wconf 86' lang='lat' dir='ltr'>fallere</span> <span class='ocrx_word' id='word_1_24' title='bbox 869 481 981 546; x_wconf 89' lang='lat' dir='ltr'>doctos</span> 
     </span>
     <span class='ocr_line' id='line_1_5' title="bbox 119 569 1009 658; baseline -0.006 -20"><span class='ocrx_word' id='word_1_25' title='bbox 119 573 213 638; x_wconf 84' lang='lat' dir='ltr'>Hane</span> <span class='ocrx_word' id='word_1_26' title='bbox 236 574 342 658; x_wconf 83' lang='lat' dir='ltr'><strong>ipsam</strong></span> <span class='ocrx_word' id='word_1_27' title='bbox 365 592 493 656; x_wconf 85' lang='lat' dir='ltr'>pugnae</span> <span class='ocrx_word' id='word_1_28' title='bbox 516 573 622 634; x_wconf 89' lang='lat' dir='ltr'>rector</span> <span class='ocrx_word' id='word_1_29' title='bbox 644 569 804 634; x_wconf 90' lang='lat' dir='ltr'>formarat</span> <span class='ocrx_word' id='word_1_30' title='bbox 827 569 868 634; x_wconf 83' lang='lat' dir='ltr'>ad</span> <span class='ocrx_word' id='word_1_31' title='bbox 892 573 1009 652; x_wconf 73' lang='lat' dir='ltr'>artem,</span> 
     </span>
     <span class='ocr_line' id='line_1_6' title="bbox 120 657 1000 744; baseline -0.006 -18"><span class='ocrx_word' id='word_1_32' title='bbox 120 661 345 744; x_wconf 86' lang='lat' dir='ltr'>Succinctique</span> <span class='ocrx_word' id='word_1_33' title='bbox 369 659 462 744; x_wconf 89' lang='lat' dir='ltr'>dolis,</span> <span class='ocrx_word' id='word_1_34' title='bbox 485 659 636 743; x_wconf 87' lang='lat' dir='ltr'>fugerent</span> <span class='ocrx_word' id='word_1_35' title='bbox 658 679 716 723; x_wconf 88' lang='lat' dir='ltr'>ceu</span> <span class='ocrx_word' id='word_1_36' title='bbox 738 657 860 723; x_wconf 84' lang='lat' dir='ltr'>Punica</span> <span class='ocrx_word' id='word_1_37' title='bbox 882 661 1000 742; x_wconf 89' lang='lat' dir='ltr'>castra,</span> 
     </span>
     <span class='ocr_line' id='line_1_7' title="bbox 119 746 1129 815; baseline -0.001 0"><span class='ocrx_word' id='word_1_38' title='bbox 119 749 318 815; x_wconf 85' lang='lat' dir='ltr'>Dediderant</span> <span class='ocrx_word' id='word_1_39' title='bbox 341 749 482 814; x_wconf 87' lang='lat' dir='ltr'>dextras.</span> <span class='ocrx_word' id='word_1_40' title='bbox 505 751 576 812; x_wconf 90' lang='lat' dir='ltr'>tum</span> <span class='ocrx_word' id='word_1_41' title='bbox 599 746 679 812; x_wconf 89' lang='lat' dir='ltr'>totis</span> <span class='ocrx_word' id='word_1_42' title='bbox 703 747 868 811; x_wconf 91' lang='lat' dir='ltr'>mentibus</span> <span class='ocrx_word' id='word_1_43' title='bbox 892 750 1000 812; x_wconf 89' lang='lat' dir='ltr'>actam</span> <span class='ocrx_word' id='word_1_44' title='bbox 1078 764 1129 814; x_wconf 98' lang='grc'>190</span> 
     </span>
     <span class='ocr_line' id='line_1_8' title="bbox 118 835 972 920; baseline -0.004 -17"><span class='ocrx_word' id='word_1_45' title='bbox 118 838 158 903; x_wconf 91' lang='lat' dir='ltr'>In</span> <span class='ocrx_word' id='word_1_46' title='bbox 180 837 293 903; x_wconf 86' lang='lat' dir='ltr'>caedes</span> <span class='ocrx_word' id='word_1_47' title='bbox 317 837 418 903; x_wconf 83' lang='lat' dir='ltr'><strong>aciem</strong></span> <span class='ocrx_word' id='word_1_48' title='bbox 441 858 526 920; x_wconf 92' lang='lat' dir='ltr'>ponc</span> <span class='ocrx_word' id='word_1_49' title='bbox 550 839 647 920; x_wconf 85' lang='lat' dir='ltr'>atque</span> <span class='ocrx_word' id='word_1_50' title='bbox 669 835 705 901; x_wconf 91' lang='lat' dir='ltr'>in</span> <span class='ocrx_word' id='word_1_51' title='bbox 727 841 820 920; x_wconf 86' lang='lat' dir='ltr'>terga</span> <span class='ocrx_word' id='word_1_52' title='bbox 841 839 972 900; x_wconf 89' lang='lat' dir='ltr'>ruentes</span> 
     </span>
     <span class='ocr_line' id='line_1_9' title="bbox 117 924 1001 1011; baseline -0.001 -21"><span class='ocrx_word' id='word_1_53' title='bbox 117 926 348 1011; x_wconf 72' lang='lat' dir='ltr'>Praecipitant.</span> <span class='ocrx_word' id='word_1_54' title='bbox 371 947 438 990; x_wconf 93' lang='lat' dir='ltr'>non</span> <span class='ocrx_word' id='word_1_55' title='bbox 460 925 558 989; x_wconf 87' lang='lat' dir='ltr'>hasta</span> <span class='ocrx_word' id='word_1_56' title='bbox 580 924 661 1008; x_wconf 92' lang='lat' dir='ltr'>uiro,</span> <span class='ocrx_word' id='word_1_57' title='bbox 683 947 750 990; x_wconf 91' lang='lat' dir='ltr'>non</span> <span class='ocrx_word' id='word_1_58' title='bbox 773 924 881 990; x_wconf 91' lang='lat' dir='ltr'>deficit</span> <span class='ocrx_word' id='word_1_59' title='bbox 904 924 1001 989; x_wconf 89' lang='lat' dir='ltr'>ensis.</span> 
     </span>
     <span class='ocr_line' id='line_1_10' title="bbox 116 1013 1031 1100; baseline -0.002 -20"><span class='ocrx_word' id='word_1_60' title='bbox 116 1015 146 1080; x_wconf 81' lang='lat' dir='ltr'>Il</span> <span class='ocrx_word' id='word_1_61' title='bbox 171 1018 278 1100; x_wconf 83' lang='lat' dir='ltr'>strage</span> <span class='ocrx_word' id='word_1_62' title='bbox 302 1018 352 1079; x_wconf 90' lang='lat' dir='ltr'>est</span> <span class='ocrx_word' id='word_1_63' title='bbox 374 1013 497 1078; x_wconf 85' lang='lat' dir='ltr'>ferrum</span> <span class='ocrx_word' id='word_1_64' title='bbox 521 1017 618 1097; x_wconf 86' lang='lat' dir='ltr'>atque</span> <span class='ocrx_word' id='word_1_65' title='bbox 641 1013 754 1078; x_wconf 87' lang='lat' dir='ltr'>euulsa</span> <span class='ocrx_word' id='word_1_66' title='bbox 777 1013 933 1077; x_wconf 85' lang='lat' dir='ltr'>cadauere</span> <span class='ocrx_word' id='word_1_67' title='bbox 955 1014 1031 1078; x_wconf 85' lang='lat' dir='ltr'>tela.</span> 
     </span>
     <span class='ocr_line' id='line_1_11' title="bbox 117 1101 1129 1186; baseline 0 -19"><span class='ocrx_word' id='word_1_68' title='bbox 117 1103 262 1186; x_wconf 82' lang='lat' dir='ltr'>Raptum</span> <span class='ocrx_word' id='word_1_69' title='bbox 282 1101 387 1168; x_wconf 82' lang='lat' dir='ltr'>Galba</span> <span class='ocrx_word' id='word_1_70' title='bbox 410 1103 523 1185; x_wconf 91' lang='lat' dir='ltr'>procul</span> <span class='ocrx_word' id='word_1_71' title='bbox 546 1138 584 1149; x_wconf 99' lang='lat'><em>-</em></span> <span class='ocrx_word' id='word_1_72' title='bbox 604 1123 708 1185; x_wconf 90' lang='lat' dir='ltr'>neque</span> <span class='ocrx_word' id='word_1_73' title='bbox 728 1102 814 1166; x_wconf 88' lang='lat' dir='ltr'>enim</span> <span class='ocrx_word' id='word_1_74' title='bbox 832 1101 965 1166; x_wconf 91' lang='lat' dir='ltr'>uirtutis</span> <span class='ocrx_word' id='word_1_75' title='bbox 985 1124 1129 1168; x_wconf 90' lang='lat' dir='ltr'>amorem</span> 
     </span>
     <span class='ocr_line' id='line_1_12' title="bbox 116 1189 1126 1256; baseline 0 0"><span class='ocrx_word' id='word_1_76' title='bbox 116 1190 264 1256; x_wconf 89' lang='lat' dir='ltr'>Aduersa</span> <span class='ocrx_word' id='word_1_77' title='bbox 287 1191 444 1256; x_wconf 85' lang='lat' dir='ltr'>exemisse</span> <span class='ocrx_word' id='word_1_78' title='bbox 462 1191 575 1255; x_wconf 90' lang='lat' dir='ltr'>ualent</span> <span class='ocrx_word' id='word_1_79' title='bbox 598 1227 640 1236; x_wconf 96' lang='lat'><em>-</em></span> <span class='ocrx_word' id='word_1_80' title='bbox 664 1194 701 1254; x_wconf 91' lang='lat' dir='ltr'>ut</span> <span class='ocrx_word' id='word_1_81' title='bbox 723 1189 806 1254; x_wconf 92' lang='lat' dir='ltr'>uidit</span> <span class='ocrx_word' id='word_1_82' title='bbox 829 1190 870 1256; x_wconf 90' lang='lat' dir='ltr'>ab</span> <span class='ocrx_word' id='word_1_83' title='bbox 894 1189 988 1254; x_wconf 90' lang='lat' dir='ltr'>hoste</span> <span class='ocrx_word' id='word_1_84' title='bbox 1075 1207 1126 1256; x_wconf 79' lang='lat'>195</span> 
     </span>
     <span class='ocr_line' id='line_1_13' title="bbox 117 1278 821 1364; baseline 0.001 -22"><span class='ocrx_word' id='word_1_85' title='bbox 117 1278 249 1344; x_wconf 86' lang='lat' dir='ltr'>Auferri</span> <span class='ocrx_word' id='word_1_86' title='bbox 272 1279 411 1364; x_wconf 91' lang='lat' dir='ltr'>signum,</span> <span class='ocrx_word' id='word_1_87' title='bbox 434 1279 568 1344; x_wconf 81' lang='lat' dir='ltr'>conixus</span> <span class='ocrx_word' id='word_1_88' title='bbox 591 1300 727 1362; x_wconf 88' lang='lat' dir='ltr'>corpore</span> <span class='ocrx_word' id='word_1_89' title='bbox 750 1282 821 1343; x_wconf 92' lang='lat' dir='ltr'>toto</span> 
     </span>
     <span class='ocr_line' id='line_1_14' title="bbox 117 1365 1015 1452; baseline 0.001 -22"><span class='ocrx_word' id='word_1_90' title='bbox 117 1365 286 1432; x_wconf 90' lang='lat' dir='ltr'>Uictorem</span> <span class='ocrx_word' id='word_1_91' title='bbox 309 1367 495 1452; x_wconf 85' lang='lat' dir='ltr'>assequitur</span> <span class='ocrx_word' id='word_1_92' title='bbox 517 1367 673 1452; x_wconf 90' lang='lat' dir='ltr'>letalique</span> <span class='ocrx_word' id='word_1_93' title='bbox 697 1370 834 1452; x_wconf 87' lang='lat' dir='ltr'>occupat</span> <span class='ocrx_word' id='word_1_94' title='bbox 856 1367 932 1433; x_wconf 88' lang='lat' dir='ltr'>ictu.</span> <span class='ocrx_word' id='word_1_95' title='bbox 1006 1365 1015 1384; x_wconf 83' lang='lat'><strong><em>‘</em></strong></span> 
     </span>
     <span class='ocr_line' id='line_1_15' title="bbox 117 1455 1030 1541; baseline 0.001 -21"><span class='ocrx_word' id='word_1_96' title='bbox 117 1455 166 1520; x_wconf 85' lang='lat' dir='ltr'>Ac</span> <span class='ocrx_word' id='word_1_97' title='bbox 190 1457 265 1520; x_wconf 92' lang='lat' dir='ltr'>dum</span> <span class='ocrx_word' id='word_1_98' title='bbox 289 1477 515 1541; x_wconf 85' lang='lat' dir='ltr'>comprensam</span> <span class='ocrx_word' id='word_1_99' title='bbox 538 1477 632 1520; x_wconf 88' lang='lat' dir='ltr'>caeso</span> <span class='ocrx_word' id='word_1_100' title='bbox 656 1455 695 1519; x_wconf 91' lang='lat' dir='ltr'>de</span> <span class='ocrx_word' id='word_1_101' title='bbox 718 1477 853 1540; x_wconf 90' lang='lat' dir='ltr'>corpore</span> <span class='ocrx_word' id='word_1_102' title='bbox 875 1455 1030 1540; x_wconf 83' lang='lat' dir='ltr'>praedem</span> 
     </span>
     <span class='ocr_line' id='line_1_16' title="bbox 115 1543 955 1629; baseline 0 -21"><span class='ocrx_word' id='word_1_103' title='bbox 115 1543 251 1626; x_wconf 85' lang='lat' dir='ltr'>Auellit,</span> <span class='ocrx_word' id='word_1_104' title='bbox 274 1545 428 1629; x_wconf 88' lang='lat' dir='ltr'>tardeque</span> <span class='ocrx_word' id='word_1_105' title='bbox 452 1566 566 1610; x_wconf 84' lang='lat' dir='ltr'>manus</span> <span class='ocrx_word' id='word_1_106' title='bbox 591 1544 784 1609; x_wconf 90' lang='lat' dir='ltr'>moribunda</span> <span class='ocrx_word' id='word_1_107' title='bbox 806 1545 955 1628; x_wconf 87' lang='lat' dir='ltr'>remittit,</span> 
     </span>
     <span class='ocr_line' id='line_1_17' title="bbox 116 1631 1128 1718; baseline 0.005 -23"><span class='ocrx_word' id='word_1_108' title='bbox 116 1631 304 1698; x_wconf 83' lang='lat' dir='ltr'>Transfirus</span> <span class='ocrx_word' id='word_1_109' title='bbox 327 1633 435 1718; x_wconf 86' lang='lat' dir='ltr'>gladio</span> <span class='ocrx_word' id='word_1_110' title='bbox 459 1655 596 1718; x_wconf 88' lang='lat' dir='ltr'>propere</span> <span class='ocrx_word' id='word_1_111' title='bbox 619 1634 818 1699; x_wconf 85' lang='lat' dir='ltr'>accurrentis</span> <span class='ocrx_word' id='word_1_112' title='bbox 841 1632 980 1718; x_wconf 84' lang='lat' dir='ltr'>Amorgi</span> <span class='ocrx_word' id='word_1_113' title='bbox 1076 1650 1128 1700; x_wconf 90' lang='grc'>200</span> 
     </span>
     <span class='ocr_line' id='line_1_18' title="bbox 115 1719 1022 1807; baseline 0.003 -23"><span class='ocrx_word' id='word_1_114' title='bbox 115 1719 249 1806; x_wconf 83' lang='lat' dir='ltr'>Occidit,</span> <span class='ocrx_word' id='word_1_115' title='bbox 272 1721 461 1787; x_wconf 90' lang='lat' dir='ltr'>immoriens</span> <span class='ocrx_word' id='word_1_116' title='bbox 485 1723 613 1806; x_wconf 90' lang='lat' dir='ltr'>magnis</span> <span class='ocrx_word' id='word_1_117' title='bbox 635 1745 703 1788; x_wconf 91' lang='lat' dir='ltr'>non</span> <span class='ocrx_word' id='word_1_118' title='bbox 725 1743 898 1807; x_wconf 90' lang='lat' dir='ltr'>prosperus</span> <span class='ocrx_word' id='word_1_119' title='bbox 923 1721 1022 1787; x_wconf 83' lang='lat' dir='ltr'>ausis.</span> 
     </span>
     <span class='ocr_line' id='line_1_19' title="bbox 159 1808 949 1895; baseline 0.001 -22"><span class='ocrx_word' id='word_1_120' title='bbox 159 1808 249 1874; x_wconf 85' lang='lat' dir='ltr'>Haec</span> <span class='ocrx_word' id='word_1_121' title='bbox 271 1811 366 1895; x_wconf 90' lang='lat' dir='ltr'>inter,</span> <span class='ocrx_word' id='word_1_122' title='bbox 389 1811 492 1876; x_wconf 88' lang='lat' dir='ltr'>ueluti</span> <span class='ocrx_word' id='word_1_123' title='bbox 513 1812 656 1876; x_wconf 91' lang='lat' dir='ltr'>nondum</span> <span class='ocrx_word' id='word_1_124' title='bbox 680 1811 832 1876; x_wconf 84' lang='lat' dir='ltr'>satiasset</span> <span class='ocrx_word' id='word_1_125' title='bbox 852 1809 949 1894; x_wconf 83' lang='lat' dir='ltr'>Enyo</span> 
     </span>
     <span class='ocr_line' id='line_1_20' title="bbox 115 1897 970 1984; baseline 0.004 -24"><span class='ocrx_word' id='word_1_126' title='bbox 115 1897 187 1962; x_wconf 78' lang='lat' dir='ltr'>Icus</span> <span class='ocrx_word' id='word_1_127' title='bbox 211 1921 309 1964; x_wconf 88' lang='lat' dir='ltr'>saeua</span> <span class='ocrx_word' id='word_1_128' title='bbox 332 1905 449 1984; x_wconf 88' lang='lat' dir='ltr'>truces,</span> <span class='ocrx_word' id='word_1_129' title='bbox 473 1900 638 1963; x_wconf 87' lang='lat' dir='ltr'>sublatum</span> <span class='ocrx_word' id='word_1_130' title='bbox 661 1900 795 1981; x_wconf 89' lang='lat' dir='ltr'>puluere</span> <span class='ocrx_word' id='word_1_131' title='bbox 819 1921 970 1983; x_wconf 89' lang='lat' dir='ltr'>campum</span> 
     </span>
     <span class='ocr_line' id='line_1_21' title="bbox 114 1984 985 2071; baseline 0.003 -22"><span class='ocrx_word' id='word_1_132' title='bbox 114 1984 298 2051; x_wconf 89' lang='lat' dir='ltr'>Uulturnus</span> <span class='ocrx_word' id='word_1_133' title='bbox 322 1992 412 2052; x_wconf 89' lang='lat' dir='ltr'>rotat</span> <span class='ocrx_word' id='word_1_134' title='bbox 434 1991 467 2050; x_wconf 88' lang='lat' dir='ltr'>et</span> <span class='ocrx_word' id='word_1_135' title='bbox 491 1986 658 2051; x_wconf 88' lang='lat' dir='ltr'>candentis</span> <span class='ocrx_word' id='word_1_136' title='bbox 682 1990 813 2071; x_wconf 89' lang='lat' dir='ltr'>torquet</span> <span class='ocrx_word' id='word_1_137' title='bbox 835 1987 985 2053; x_wconf 88' lang='lat' dir='ltr'>harenas.</span> 
     </span>
     <span class='ocr_line' id='line_1_22' title="bbox 115 2073 1127 2160; baseline 0.006 -24"><span class='ocrx_word' id='word_1_138' title='bbox 115 2073 250 2158; x_wconf 87' lang='lat' dir='ltr'>Iamque</span> <span class='ocrx_word' id='word_1_139' title='bbox 273 2075 464 2140; x_wconf 88' lang='lat' dir='ltr'>reluctantis</span> <span class='ocrx_word' id='word_1_140' title='bbox 488 2075 627 2140; x_wconf 89' lang='lat' dir='ltr'>stridens</span> <span class='ocrx_word' id='word_1_141' title='bbox 650 2075 792 2140; x_wconf 89' lang='lat' dir='ltr'>immane</span> <span class='ocrx_word' id='word_1_142' title='bbox 814 2076 958 2160; x_wconf 90' lang='lat' dir='ltr'>procella</span> <span class='ocrx_word' id='word_1_143' title='bbox 1075 2092 1127 2144; x_wconf 77' lang='lat'>205</span> 
     </span>
     <span class='ocr_line' id='line_1_23' title="bbox 113 2160 986 2248; baseline 0.005 -23"><span class='ocrx_word' id='word_1_144' title='bbox 113 2160 177 2226; x_wconf 91' lang='lat' dir='ltr'>Per</span> <span class='ocrx_word' id='word_1_145' title='bbox 199 2163 334 2248; x_wconf 88' lang='lat' dir='ltr'>longum</span> <span class='ocrx_word' id='word_1_146' title='bbox 357 2165 434 2228; x_wconf 89' lang='lat' dir='ltr'>tulit</span> <span class='ocrx_word' id='word_1_147' title='bbox 458 2163 497 2227; x_wconf 88' lang='lat' dir='ltr'>ad</span> <span class='ocrx_word' id='word_1_148' title='bbox 521 2163 628 2248; x_wconf 86' lang='lat' dir='ltr'>campi</span> <span class='ocrx_word' id='word_1_149' title='bbox 652 2185 804 2248; x_wconf 87' lang='lat' dir='ltr'>suprema</span> <span class='ocrx_word' id='word_1_150' title='bbox 835 2165 986 2248; x_wconf 86' lang='lat' dir='ltr'>cauisque</span> 
     </span>
     <span class='ocr_line' id='line_1_24' title="bbox 114 2249 949 2336; baseline 0.005 -24"><span class='ocrx_word' id='word_1_151' title='bbox 114 2249 266 2316; x_wconf 87' lang='lat' dir='ltr'>Afflictos</span> <span class='ocrx_word' id='word_1_152' title='bbox 289 2251 369 2336; x_wconf 87' lang='lat' dir='ltr'>ripis</span> <span class='ocrx_word' id='word_1_153' title='bbox 392 2252 553 2318; x_wconf 89' lang='lat' dir='ltr'>tumidum</span> <span class='ocrx_word' id='word_1_154' title='bbox 577 2253 732 2318; x_wconf 86' lang='lat' dir='ltr'>demersit</span> <span class='ocrx_word' id='word_1_155' title='bbox 754 2254 788 2318; x_wconf 92' lang='lat' dir='ltr'>in</span> <span class='ocrx_word' id='word_1_156' title='bbox 812 2275 949 2318; x_wconf 89' lang='lat' dir='ltr'>amnem.</span> 
     </span>
     <span class='ocr_line' id='line_1_25' title="bbox 113 2337 921 2425; baseline 0 -23"><span class='ocrx_word' id='word_1_157' title='bbox 113 2337 178 2403; x_wconf 90' lang='lat' dir='ltr'>Hic</span> <span class='ocrx_word' id='word_1_158' title='bbox 201 2339 263 2403; x_wconf 87' lang='lat' dir='ltr'>tibi</span> <span class='ocrx_word' id='word_1_159' title='bbox 285 2339 359 2404; x_wconf 88' lang='lat' dir='ltr'>finis</span> <span class='ocrx_word' id='word_1_160' title='bbox 383 2345 462 2425; x_wconf 88' lang='lat' dir='ltr'>erat,</span> <span class='ocrx_word' id='word_1_161' title='bbox 485 2347 589 2406; x_wconf 89' lang='lat' dir='ltr'>metas</span> <span class='ocrx_word' id='word_1_162' title='bbox 612 2341 665 2406; x_wconf 91' lang='lat' dir='ltr'>hic</span> <span class='ocrx_word' id='word_1_163' title='bbox 688 2339 824 2405; x_wconf 85' lang='lat' dir='ltr'>Aufidus</span> <span class='ocrx_word' id='word_1_164' title='bbox 848 2339 921 2406; x_wconf 87' lang='lat' dir='ltr'>aeui</span> 
     </span>
     <span class='ocr_line' id='line_1_26' title="bbox 117 2425 829 2514; baseline 0 -23"><span class='ocrx_word' id='word_1_165' title='bbox 117 2425 277 2493; x_wconf 85' lang='lat' dir='ltr'>Seruabat</span> <span class='ocrx_word' id='word_1_166' title='bbox 300 2430 410 2514; x_wconf 89' lang='lat' dir='ltr'>tacito,</span> <span class='ocrx_word' id='word_1_167' title='bbox 433 2451 500 2495; x_wconf 93' lang='lat' dir='ltr'>non</span> <span class='ocrx_word' id='word_1_168' title='bbox 522 2429 600 2494; x_wconf 84' lang='lat' dir='ltr'>felix</span> <span class='ocrx_word' id='word_1_169' title='bbox 624 2428 731 2512; x_wconf 78' lang='lat' dir='ltr'>Curio,</span> <span class='ocrx_word' id='word_1_170' title='bbox 753 2429 829 2492; x_wconf 91' lang='lat' dir='ltr'>leto.</span> 
     </span>
     <span class='ocr_line' id='line_1_27' title="bbox 111 2515 1126 2602; baseline 0.003 -21"><span class='ocrx_word' id='word_1_171' title='bbox 111 2515 272 2602; x_wconf 88' lang='lat' dir='ltr'>Namque,</span> <span class='ocrx_word' id='word_1_172' title='bbox 295 2517 405 2584; x_wconf 88' lang='lat' dir='ltr'>furens</span> <span class='ocrx_word' id='word_1_173' title='bbox 430 2518 530 2583; x_wconf 91' lang='lat' dir='ltr'>animi</span> <span class='ocrx_word' id='word_1_174' title='bbox 554 2518 630 2582; x_wconf 90' lang='lat' dir='ltr'>dum</span> <span class='ocrx_word' id='word_1_175' title='bbox 653 2519 861 2582; x_wconf 89' lang='lat' dir='ltr'>consternata</span> <span class='ocrx_word' id='word_1_176' title='bbox 883 2519 1031 2582; x_wconf 88' lang='lat' dir='ltr'>moratur</span> <span class='ocrx_word' id='word_1_177' title='bbox 1073 2534 1126 2584; x_wconf 88' lang='grc'>210</span> 
     </span>
     <span class='ocr_line' id='line_1_28' title="bbox 112 2604 1009 2690; baseline 0.003 -23"><span class='ocrx_word' id='word_1_178' title='bbox 112 2604 259 2687; x_wconf 82' lang='lat' dir='ltr'>Agmina</span> <span class='ocrx_word' id='word_1_179' title='bbox 282 2610 315 2670; x_wconf 92' lang='lat' dir='ltr'>et</span> <span class='ocrx_word' id='word_1_180' title='bbox 338 2609 491 2690; x_wconf 90' lang='lat' dir='ltr'>oppositu</span> <span class='ocrx_word' id='word_1_181' title='bbox 514 2607 735 2670; x_wconf 87' lang='lat' dir='ltr'>membrorum</span> <span class='ocrx_word' id='word_1_182' title='bbox 758 2605 873 2670; x_wconf 88' lang='lat' dir='ltr'>sistere</span> <span class='ocrx_word' id='word_1_183' title='bbox 896 2609 1009 2688; x_wconf 90' lang='lat' dir='ltr'>certat,</span> 
     </span>
     <span class='ocr_line' id='line_1_29' title="bbox 112 2691 1010 2778; baseline 0.003 -22"><span class='ocrx_word' id='word_1_184' title='bbox 112 2691 153 2756; x_wconf 94' lang='lat' dir='ltr'>In</span> <span class='ocrx_word' id='word_1_185' title='bbox 176 2714 330 2776; x_wconf 90' lang='lat' dir='ltr'>praeceps</span> <span class='ocrx_word' id='word_1_186' title='bbox 354 2715 473 2778; x_wconf 91' lang='lat' dir='ltr'>magna</span> <span class='ocrx_word' id='word_1_187' title='bbox 496 2694 669 2778; x_wconf 89' lang='lat' dir='ltr'>propulsus</span> <span class='ocrx_word' id='word_1_188' title='bbox 693 2693 778 2758; x_wconf 90' lang='lat' dir='ltr'>mole</span> <span class='ocrx_word' id='word_1_189' title='bbox 801 2698 950 2760; x_wconf 88' lang='lat' dir='ltr'>ruentum</span> <span class='ocrx_word' id='word_1_190' title='bbox 1008 2731 1010 2738; x_wconf 95' lang='lat'>·</span> 
     </span>
     <span class='ocr_line' id='line_1_30' title="bbox 111 2780 893 2864; baseline 0.004 -20"><span class='ocrx_word' id='word_1_191' title='bbox 111 2780 265 2845; x_wconf 85' lang='lat' dir='ltr'>Turbatis</span> <span class='ocrx_word' id='word_1_192' title='bbox 288 2781 437 2846; x_wconf 89' lang='lat' dir='ltr'>hauritur</span> <span class='ocrx_word' id='word_1_193' title='bbox 460 2781 553 2864; x_wconf 84' lang='lat' dir='ltr'>aquis</span> <span class='ocrx_word' id='word_1_194' title='bbox 576 2780 740 2864; x_wconf 85' lang='lat' dir='ltr'>fundoque</span> <span class='ocrx_word' id='word_1_195' title='bbox 763 2783 893 2848; x_wconf 86' lang='lat' dir='ltr'>uolutus</span> 
     </span>
     <span class='ocr_line' id='line_1_31' title="bbox 109 2866 937 2936; baseline 0.007 -6"><span class='ocrx_word' id='word_1_196' title='bbox 109 2866 275 2934; x_wconf 84' lang='lat' dir='ltr'>Hadriaca</span> <span class='ocrx_word' id='word_1_197' title='bbox 297 2869 398 2934; x_wconf 88' lang='lat' dir='ltr'>iacuit</span> <span class='ocrx_word' id='word_1_198' title='bbox 421 2869 490 2934; x_wconf 90' lang='lat' dir='ltr'>sine</span> <span class='ocrx_word' id='word_1_199' title='bbox 512 2869 643 2935; x_wconf 91' lang='lat' dir='ltr'>nominc</span> <span class='ocrx_word' id='word_1_200' title='bbox 666 2871 782 2935; x_wconf 88' lang='lat' dir='ltr'>mortis</span> <span class='ocrx_word' id='word_1_201' title='bbox 805 2871 937 2936; x_wconf 87' lang='lat' dir='ltr'>harena.</span> 
     </span>
    </p>
   </div>
   <div class='ocr_carea' id='block_1_3' title="bbox 107 3076 1124 3577">
    <p class='ocr_par' dir='ltr' id='par_1_3' title="bbox 107 3076 1124 3577">
     <span class='ocr_line' id='line_1_32' title="bbox 185 3076 1122 3138; baseline 0.006 -8"><span class='ocrx_word' id='word_1_202' title='bbox 185 3082 235 3131; x_wconf 81' lang='lat'>185</span> <span class='ocrx_word' id='word_1_203' title='bbox 255 3076 364 3132; x_wconf 88' lang='lat' dir='ltr'>cohorti</span> <span class='ocrx_word' id='word_1_204' title='bbox 383 3084 399 3131; x_wconf 81' lang='grc'>8</span> <span class='ocrx_word' id='word_1_205' title='bbox 419 3079 517 3134; x_wconf 90' lang='lat' dir='ltr'>coorto</span> <span class='ocrx_word' id='word_1_206' title='bbox 536 3079 671 3136; x_wconf 63' lang='lat' dir='ltr'>Haustus</span> <span class='ocrx_word' id='word_1_207' title='bbox 689 3080 782 3135; x_wconf 89' lang='lat' dir='ltr'>coacti</span> <span class='ocrx_word' id='word_1_208' title='bbox 799 3079 948 3137; x_wconf 77' lang='lat' dir='ltr'>Burmann</span> <span class='ocrx_word' id='word_1_209' title='bbox 1007 3088 1059 3138; x_wconf 87' lang='lat'>186</span> <span class='ocrx_word' id='word_1_210' title='bbox 1074 3082 1122 3136; x_wconf 89' lang='lat' dir='ltr'>ad·</span> 
     </span>
     <span class='ocr_line' id='line_1_33' title="bbox 110 3151 1123 3209; baseline 0.006 -9"><span class='ocrx_word' id='word_1_211' title='bbox 110 3153 229 3202; x_wconf 72' lang='lat' dir='ltr'>uersor</span> <span class='ocrx_word' id='word_1_212' title='bbox 248 3163 346 3204; x_wconf 87' lang='lat' dir='ltr'>euerso</span> <span class='ocrx_word' id='word_1_213' title='bbox 361 3155 397 3202; x_wconf 80' lang='grc'>011</span> <span class='ocrx_word' id='word_1_214' title='bbox 453 3155 503 3205; x_wconf 78' lang='grc'>187</span> <span class='ocrx_word' id='word_1_215' title='bbox 523 3151 621 3204; x_wconf 88' lang='lat' dir='ltr'>doctus</span> <span class='ocrx_word' id='word_1_216' title='bbox 636 3151 772 3207; x_wconf 78' lang='lat' dir='ltr'>Heinsius</span> <span class='ocrx_word' id='word_1_217' title='bbox 785 3157 810 3208; x_wconf 84' lang='lat' dir='ltr'>et</span> <span class='ocrx_word' id='word_1_218' title='bbox 823 3153 911 3208; x_wconf 79' lang='lat' dir='ltr'>Bothe</span> <span class='ocrx_word' id='word_1_219' title='bbox 965 3154 1123 3209; x_wconf 76' lang='grc'>19211108</span> 
     </span>
     <span class='ocr_line' id='line_1_34' title="bbox 109 3217 1124 3288; baseline 0.005 -17"><span class='ocrx_word' id='word_1_220' title='bbox 109 3217 188 3273; x_wconf 84' lang='lat' dir='ltr'>uiros</span> <span class='ocrx_word' id='word_1_221' title='bbox 206 3218 350 3286; x_wconf 77' lang='lat' dir='ltr'>Heinsius,</span> <span class='ocrx_word' id='word_1_222' title='bbox 368 3221 415 3277; x_wconf 83' lang='lat' dir='ltr'>sed</span> <span class='ocrx_word' id='word_1_223' title='bbox 429 3222 464 3288; x_wconf 83' lang='lat' dir='ltr'>cf.</span> <span class='ocrx_word' id='word_1_224' title='bbox 485 3221 569 3278; x_wconf 90' lang='lat' dir='ltr'><strong><em>VIII.</em></strong></span> <span class='ocrx_word' id='word_1_225' title='bbox 584 3228 639 3278; x_wconf 85' lang='grc'>659</span> <span class='ocrx_word' id='word_1_226' title='bbox 736 3227 786 3277; x_wconf 84' lang='grc'>193</span> <span class='ocrx_word' id='word_1_227' title='bbox 806 3223 904 3278; x_wconf 82' lang='lat' dir='ltr'>euulsa</span> <span class='ocrx_word' id='word_1_228' title='bbox 923 3223 1059 3279; x_wconf 87' lang='lat' dir='ltr'>cadauere</span> <span class='ocrx_word' id='word_1_229' title='bbox 1079 3230 1124 3277; x_wconf 81' lang='lat' dir='ltr'>cm</span> 
     </span>
     <span class='ocr_line' id='line_1_35' title="bbox 109 3289 1123 3358; baseline 0.007 -15"><span class='ocrx_word' id='word_1_230' title='bbox 109 3289 166 3358; x_wconf 80' lang='lat' dir='ltr'>Ep.</span> <span class='ocrx_word' id='word_1_231' title='bbox 186 3295 222 3344; x_wconf 88' lang='grc'>13</span> <span class='ocrx_word' id='word_1_232' title='bbox 241 3289 341 3346; x_wconf 85' lang='lat' dir='ltr'>auulsa</span> <span class='ocrx_word' id='word_1_233' title='bbox 360 3297 376 3344; x_wconf 79' lang='grc'>8</span> <span class='ocrx_word' id='word_1_234' title='bbox 450 3297 500 3347; x_wconf 81' lang='grc'>190</span> <span class='ocrx_word' id='word_1_235' title='bbox 510 3293 615 3348; x_wconf 81' lang='lat' dir='ltr'>nudent</span> <span class='ocrx_word' id='word_1_236' title='bbox 627 3299 692 3346; x_wconf 70' lang='lat' dir='ltr'>HV</span> <span class='ocrx_word' id='word_1_237' title='bbox 706 3294 847 3348; x_wconf 85' lang='lat' dir='ltr'>uadunto</span> <span class='ocrx_word' id='word_1_238' title='bbox 911 3300 964 3350; x_wconf 88' lang='grc'>200</span> <span class='ocrx_word' id='word_1_239' title='bbox 979 3310 1123 3350; x_wconf 83' lang='lat' dir='ltr'>accurren-</span> 
     </span>
     <span class='ocr_line' id='line_1_36' title="bbox 107 3359 1121 3436; baseline 0.008 -24"><span class='ocrx_word' id='word_1_240' title='bbox 107 3359 149 3413; x_wconf 85' lang='lat' dir='ltr'>tis</span> <span class='ocrx_word' id='word_1_241' title='bbox 160 3361 231 3416; x_wconf 80' lang='lat' dir='ltr'>cml.</span> <span class='ocrx_word' id='word_1_242' title='bbox 242 3362 259 3415; x_wconf 86' lang='grc'>1.</span> <span class='ocrx_word' id='word_1_243' title='bbox 279 3362 481 3418; x_wconf 84' lang='lat' dir='ltr'>occurrentiso</span> <span class='ocrx_word' id='word_1_244' title='bbox 550 3369 601 3418; x_wconf 87' lang='grc'>201</span> <span class='ocrx_word' id='word_1_245' title='bbox 620 3379 769 3434; x_wconf 89' lang='lat' dir='ltr'>prosperus</span> <span class='ocrx_word' id='word_1_246' title='bbox 788 3370 832 3418; x_wconf 76' lang='lat' dir='ltr'>cm</span> <span class='ocrx_word' id='word_1_247' title='bbox 846 3365 863 3420; x_wconf 90' lang='grc'>1.</span> <span class='ocrx_word' id='word_1_248' title='bbox 879 3366 895 3420; x_wconf 88' lang='lat' dir='ltr'>l.</span> <span class='ocrx_word' id='word_1_249' title='bbox 964 3370 1015 3419; x_wconf 84' lang='grc'>202</span> <span class='ocrx_word' id='word_1_250' title='bbox 1030 3365 1121 3436; x_wconf 85' lang='lat' dir='ltr'>Enyo]</span> 
     </span>
     <span class='ocr_line' id='line_1_37' title="bbox 109 3431 1121 3507; baseline 0.005 -21"><span class='ocrx_word' id='word_1_251' title='bbox 109 3437 246 3486; x_wconf 70' lang='lat' dir='ltr'>eurotov</span> <span class='ocrx_word' id='word_1_252' title='bbox 257 3431 372 3487; x_wconf 74' lang='lat' dir='ltr'>erinisr</span> <span class='ocrx_word' id='word_1_253' title='bbox 387 3435 433 3502; x_wconf 84' lang='lat' dir='ltr'>(T.</span> <span class='ocrx_word' id='word_1_254' title='bbox 439 3453 470 3506; x_wconf 77' lang='lat' dir='ltr'>p.</span> <span class='ocrx_word' id='word_1_255' title='bbox 480 3438 547 3502; x_wconf 79' lang='lat'><em>244)</em></span> <span class='ocrx_word' id='word_1_256' title='bbox 590 3441 640 3490; x_wconf 80' lang='lat'>205</span> <span class='ocrx_word' id='word_1_257' title='bbox 652 3434 776 3507; x_wconf 83' lang='lat' dir='ltr'>procella</span> <span class='ocrx_word' id='word_1_258' title='bbox 784 3441 826 3488; x_wconf 72' lang='lat' dir='ltr'>1AE</span> <span class='ocrx_word' id='word_1_259' title='bbox 840 3436 1049 3490; x_wconf 86' lang='lat' dir='ltr'>reluctantes-</span> <span class='ocrx_word' id='word_1_260' title='bbox 1058 3453 1121 3506; x_wconf 91' lang='lat' dir='ltr'>pro·</span> 
     </span>
     <span class='ocr_line' id='line_1_38' title="bbox 109 3501 1122 3577; baseline 0.006 -21"><span class='ocrx_word' id='word_1_261' title='bbox 109 3501 198 3556; x_wconf 83' lang='lat' dir='ltr'>cellas</span> <span class='ocrx_word' id='word_1_262' title='bbox 208 3508 244 3555; x_wconf 82' lang='lat' dir='ltr'>ch</span> <span class='ocrx_word' id='word_1_263' title='bbox 262 3503 430 3577; x_wconf 66' lang='lat' dir='ltr'>procellaqo</span> <span class='ocrx_word' id='word_1_264' title='bbox 449 3505 630 3576; x_wconf 80' lang='lat' dir='ltr'>procellamv</span> <span class='ocrx_word' id='word_1_265' title='bbox 685 3511 736 3562; x_wconf 84' lang='grc'>206</span> <span class='ocrx_word' id='word_1_266' title='bbox 747 3505 879 3575; x_wconf 82' lang='lat' dir='ltr'>canisque</span> <span class='ocrx_word' id='word_1_267' title='bbox 891 3513 907 3558; x_wconf 79' lang='lat' dir='ltr'>s</span> <span class='ocrx_word' id='word_1_268' title='bbox 962 3511 1013 3562; x_wconf 87' lang='grc'>208</span> <span class='ocrx_word' id='word_1_269' title='bbox 1024 3507 1122 3562; x_wconf 85' lang='lat' dir='ltr'>eritch</span> 
     </span>
    </p>
   </div>
   <div class='ocr_carea' id='block_1_4' title="bbox 163 3599 906 3649">
    <p class='ocr_par' dir='ltr' id='par_1_4' title="bbox 163 3599 906 3649">
     <span class='ocr_line' id='line_1_39' title="bbox 163 3599 906 3649; baseline 0.011 -9"><span class='ocrx_word' id='word_1_270' title='bbox 163 3600 244 3642; x_wconf 77' lang='lat' dir='ltr'>smus</span> <span class='ocrx_word' id='word_1_271' title='bbox 258 3603 382 3646; x_wconf 72' lang='lat' dir='ltr'>Irsnrons.</span> <span class='ocrx_word' id='word_1_272' title='bbox 874 3599 906 3649; x_wconf 83' lang='lat'>15</span> 
     </span>
    </p>
   </div>
   <div class='ocr_carea' id='block_1_5' title="bbox 0 0 1320 4014">
    <p class='ocr_par' dir='ltr' id='par_1_5' title="bbox 0 0 1320 4014">
     <span class='ocr_line' id='line_1_40' title="bbox 0 0 1320 4014; baseline 0 4"><span class='ocrx_word' id='word_1_273' title='bbox 0 0 1320 4014; x_wconf 95' lang='lat' dir='ltr'> </span> 
     </span>
    </p>
   </div>
  </div>
 </body>
</html>
