2632 4016
416 185 631 242 PUNICORUM
649 185 759 242 LIBER
777 188 824 243 ΙΙΙ.
922 205 924 212 ’
1090 187 1130 252 61

164 348 234 414 Nec
258 349 434 434 Cerretani,
458 349 621 434 quondam
644 347 814 433 Tirynthia
838 353 954 433 castra,

120 436 189 502 Aut
214 437 331 524 Uasco,
354 438 501 503 insuetus
525 438 646 524 galeae,
669 438 753 501 ferre
777 460 868 502 arma
891 437 1021 503 morati.

117 525 207 610 Non,
234 549 316 610 quae
339 526 522 592 Dardanios
545 531 621 608 post
644 525 736 610 uidit,
757 526 876 608 Ilerda,
898 525 1035 610 furores,

119 613 189 680 Nec
215 615 279 700 qui,
303 614 511 701 Massageten
534 617 720 678 monstrans
739 615 869 679 feritate
888 619 1065 699 parentem,
1080 631 1132 679 300

120 702 313 787 Cornipedis
336 703 410 768 fusa
433 703 573 786 satiaris,
596 701 755 785 Concane,
778 725 870 768 uena.

119 790 255 875 Iamque
270 790 400 855 Ebusus
414 791 594 856 Phoenissa
608 795 726 875 mouet,
741 793 852 856 mouet
866 791 1012 856 Arbacus
1033 813 1133 874 arma,

119 878 245 962 Aclyde
267 879 322 942 uel
344 879 436 943 tenui
458 901 590 964 pugnax
612 879 736 942 instare
758 882 888 962 uerut03

118 966 190 1030 Iam
216 967 267 1031 cui
290 966 497 1051 Tlepolemus
522 971 611 1031 sator
635 971 667 1030 et
691 967 743 1032 eui
765 967 888 1031 Lindus
912 967 1013 1052 origo,

120 1054 236 1119 Funda
258 1055 346 1119 bella
368 1055 474 1120 ferens
497 1055 639 1119 Baliaris
663 1059 696 1119 et
720 1055 796 1120 alite
819 1055 968 1138 plumb03
1081 1071 1132 1119 365

120 1141 167 1207 Et
190 1165 271 1226 quos
295 1165 381 1208 nunc
404 1142 543 1208 Grauios
566 1144 689 1208 uiolato
712 1143 843 1208 nomine
868 1141 1004 1206 Graium

121 1230 250 1295 Oeneae
274 1231 390 1296 misere
413 1232 527 1296 domus
551 1232 732 1314 Aetolaque
755 1231 853 1315 Tyde.

121 1318 189 1384 Dat
213 1317 379 1404 Carthago
403 1319 501 1398 uiros,
525 1319 648 1385 Teucro
672 1319 807 1383 fundata
830 1322 971 1403 uetusto,

118 1407 300 1473 Phocaicae
323 1409 403 1472 dant
426 1408 611 1490 Emporiae,
635 1407 692 1471 dat
714 1407 855 1472 Tarraco
879 1407 1000 1491 pubem

119 1495 263 1561 Uitifera
286 1501 318 1560 et
341 1495 435 1561 Latio
458 1500 586 1560 tantum
611 1517 741 1561 cessura
763 1495 878 1579 Lyaeo.
1081 1512 1133 1560 370

119 1583 190 1648 Hos
213 1585 298 1649 inter
320 1585 407 1648 clara
429 1585 573 1653 thoracis
597 1585 669 1649 luce
691 1583 817 1648 nitebat

121 1672 282 1738 Sedetana
304 1674 430 1758 cohors,
453 1695 550 1756 quam
574 1670 674 1736 Sucro
698 1672 880 1755 rigentibus
903 1672 997 1736 undis

118 1759 230 1845 Atque
254 1761 354 1826 altrix
377 1763 461 1826 celsa
484 1761 637 1826 mittebat
661 1759 809 1824 Saetabis
834 1781 916 1843 arce,

121 1848 283 1933 Saetabis,
307 1853 339 1914 et
361 1850 445 1914 telas
468 1848 617 1914 Arabum
640 1849 803 1932 spreuisse
827 1848 968 1931 superba

119 1936 165 2001 Et
187 1937 355 2002 Pelusiaco
378 1938 472 2002 filum
495 1959 685 2021 componere
708 1937 785 2001 lino.
1080 1951 1133 2001 373

120 2025 317 2091 Mandonius
340 2026 472 2110 populis
496 2025 699 2109 domitorque
722 2023 864 2110 insignis
889 2046 1044 2109 equorum

117 2113 294 2197 Imperitat
318 2113 431 2198 Caeso,
455 2119 487 2176 et
511 2113 598 2180 socio
623 2117 713 2177 stant
736 2118 844 2178 castra
867 2113 987 2177 labore.

165 2201 211 2266 At
233 2203 414 2268 Uettonum
437 2202 505 2265 alas
528 2199 668 2266 Balarus
696 2203 813 2284 probat
841 2223 979 2285 aequore
1011 2204 1133 2284 aperto.

117 2291 180 2355 Hic
204 2291 294 2376 adeo,
316 2313 390 2355 cum
413 2311 471 2354 uer
494 2290 657 2373 placidum
679 2291 841 2374 flatusque
864 2290 1011 2374 tepescit,

118 2376 318 2444 Concubitus
343 2401 476 2443 seruans
500 2379 627 2462 tacitos,
651 2399 729 2462 grex
752 2382 878 2462 perstat
900 2399 1054 2462 equarum
1080 2394 1132 2443 sso

116 2465 163 2530 Et
180 2465 341 2531 Uenerem
360 2467 521 2532 occultam
544 2467 682 2552 genitali
704 2465 845 2549 concipit
868 2487 955 2530 aura.

120 2553 183 2619 sed
206 2577 272 2620 non
295 2556 400 2620 multa
423 2555 491 2619 dies
515 2555 635 2638 generi,
658 2565 875 2638 properatque
899 2556 1057 2636 senectus,

122 2641 333 2727 Septimaque
355 2643 407 2708 his
431 2643 571 2707 stabulis
595 2641 790 2728 longissima
813 2640 940 2704 ducitur
963 2643 1079 2704 aestas.

126 2861 129 2867 ,
189 2840 242 2889 357
262 2834 405 2890 Cerretani
423 2839 510 2886 (7737ιῖ
528 2833 663 2887 terrstani
684 2837 726 2884 ov
800 2836 852 2885 359
872 2831 936 2884 Non
956 2846 1028 2900 quaa
1048 2836 1134 2884 char

119 2906 181 2960 Nec
200 2910 243 2957 ov
338 2910 390 2960 361
408 2905 475 2958 fissa
493 2903 630 2958 Schrader
650 2934 682 2944 —
702 2917 826 2957 concaua
846 2907 862 2953 s
953 2906 1004 2956 362
1024 2901 1135 2956 Ebosus

120 2975 256 3030 Heinsius
276 3005 308 3014 -
328 2975 453 3028 Arbacus
464 2971 506 3026 'ch
524 2974 639 3028 arbatus
653 2979 715 3026 1330
735 2973 850 3027 arbutus
865 2977 883 3025 0
902 2971 1136 3044 Artabrusuulpo

119 3052 172 3100 363
192 3046 299 3113 Aclyde
319 3050 388 3097 cliv
419 3045 518 3099 Aclide
547 3050 565 3097 ⁰
589 3051 614 3100 et
641 3062 674 3099 cn
700 3043 803 3097 Acride
827 3059 896 3098 corr.
920 3049 940 3095 Ε
974 3042 1135 3112 Acclydel.

119 3114 547 3186 3641indussLyndusuulqo
609 3122 661 3170 365
680 3114 778 3168 Funde
792 3121 835 3167 cm
853 3115 908 3183 Ep.
928 3119 966 3169 98
985 3114 1136 3169 Feruidat

121 3187 167 3256 (T.
178 3205 208 3256 p.
224 3190 282 3242 242
296 3192 321 3242 et
335 3190 404 3254 244)
422 3217 456 3226 -
475 3185 568 3240 ferens
586 3191 651 3238 LFV
669 3201 769 3254 gerens
789 3191 808 3238 0
835 3202 929 3240 serens
948 3185 1083 3240 Heinsius
1102 3215 1135 3225 -

119 3257 239 3312 Baliaris
259 3263 296 3310 (th
313 3255 437 3312 balearis
457 3263 473 3310 3
565 3263 616 3311 372
637 3256 777 3312 Sedetana
796 3262 832 3310 oh
851 3256 896 3324 (T.
907 3273 938 3327 p.
953 3259 1022 3323 211)
1042 3255 1134 3310 Hede-

118 3332 241 3384 tanacm
259 3329 315 3398 Ep.
330 3328 612 3384 98-Sedethana1.
685 3333 736 3382 373
752 3345 815 3382 arce
829 3334 873 3381 (tm
887 3329 904 3382 l.
920 3329 938 3383 i.
1003 3331 1056 3381 374
1072 3326 1136 3382 Sas-

119 3399 524 3470 tabisch-superbacmi.l.
597 3405 649 3453 376
659 3399 820 3453 Mardoniu
831 3400 919 3454 Rotae
977 3397 1136 3454 stsUeuo-
1182 3431 1185 3438 ι

123 3487 191 3524 num
212 3469 350 3526 Heinsius
368 3470 524 3526 Uectonum
543 3475 580 3522 ch
602 3472 787 3524 uestonums
878 3473 930 3523 380
948 3470 1057 3536 perstat
1075 3474 1137 3521 0733
1173 3405 1306 3552 Μ

122 3545 233 3612 prostat
252 3543 345 3613 uulpo,
358 3543 432 3612 quod
441 3543 520 3612 prob.
535 3557 591 3596 uun
610 3541 681 3596 Vecn
736 3545 787 3595 383
798 3543 891 3596 aestas
901 3545 938 3592 ch
944 3545 985 3592 1AE
1004 3541 1082 3596 aetas
1093 3544 1136 3592 ov
