2632 4014
202 149 267 216 212
596 147 666 204 SILI
684 147 819 206 ITALICI

201 313 343 379 Erexere
366 333 478 378 omnes
501 311 658 377 immania
680 312 827 376 membra
850 311 998 397 chelydri

202 402 327 488 Aegide
350 404 522 484 commota,
544 399 705 486 primique
727 399 848 465 furoris
872 401 913 464 ad
935 401 1019 466 ictus

203 491 346 556 Rettulit
369 491 439 574 ipse
461 488 576 573 pedem
600 489 720 554 sensim
745 511 764 553 1
786 488 963 554 certamine
985 487 1128 558 Mauors.
1165 507 1221 558 488

201 579 266 645 Hic
289 579 349 644 dea
373 579 562 644 conuulsam
586 576 699 662 rapido
723 577 892 643 conamine
915 581 1040 663 partem

204 667 314 733 Uicini
337 669 459 733 montis
484 665 690 751 scopulisque
712 665 879 731 horrentia
902 689 980 732 saxa

200 756 240 820 In
261 755 403 822 Martem
426 755 602 820 furibunde
624 755 711 840 iacit,
732 753 892 840 longeque
915 757 1036 822 relatos

200 845 347 930 Expauit
371 845 508 930 sonitus,
530 843 721 908 tremefacto
745 843 851 930 litore,
875 843 988 910 Sason.

245 933 292 1000 At
314 956 381 999 non
403 934 483 1000 heec
506 954 658 1018 superum
681 931 841 997 fallebant
862 933 989 1018 proelis
1010 955 1131 1020 regem.
1165 951 1222 1002 470

200 1021 355 1087 Demittit
378 1043 515 1108 propere
539 1021 738 1087 succinctam
761 1021 903 1088 nubibus
926 1021 1015 1108 Irim,

201 1109 291 1186 Quae
314 1111 433 1176 nimios
457 1111 563 1175 frenet
585 1114 704 1196 motus,
726 1131 764 1174 ac
787 1109 868 1174 talis
890 1109 992 1176 fatur:

202 1198 244 1284 Ἰ,
268 1199 337 1284 dea,
360 1203 393 1264 et
416 1198 568 1264 Oenotris
591 1200 687 1264 uelox
711 1198 854 1263 allabere
877 1200 974 1264 terris

201 1286 429 1373 Germanoque
452 1292 568 1371 truces,
592 1287 651 1371 dic,
673 1285 785 1352 Pallas
809 1287 939 1373 mitiget
961 1289 1026 1354 iras

204 1375 273 1442 Nec
296 1380 405 1462 speret
426 1377 508 1442 fixas
531 1376 708 1442 Parcarum
732 1379 858 1441 uertere
880 1378 983 1463 leges3
1165 1393 1221 1445 475

200 1465 263 1531 Dic
286 1465 402 1531 etiam:
433 1466 469 1530 ni
493 1465 631 1549 desistis,
658 1503 695 1511 —
720 1485 798 1530 nam
820 1466 911 1530 uirus
935 1470 968 1530 et
991 1469 1101 1532 aestus

201 1553 433 1620 Flammiferae
455 1554 534 1620 noui
556 1554 675 1619 mentis
702 1590 740 1600 —
765 1575 824 1619 nec
847 1554 977 1640 colligis
999 1555 1093 1639 iram,

201 1642 328 1728 Aegida
349 1643 552 1726 praecellant
575 1646 733 1727 quantum
756 1641 889 1707 horrida
911 1643 1058 1728 fulmina,
1080 1643 1223 1710 nosces?

248 1731 337 1808 Quae
361 1735 534 1815 postquam
557 1732 683 1816 accepit
705 1731 859 1796 dubitans
883 1730 1032 1808 Tritonia
1054 1732 1151 1818 uirgo

204 1818 274 1884 Nec
299 1824 350 1885 sat
374 1823 464 1884 certa
486 1819 550 1898 diu,
572 1819 689 1904 patriis
713 1842 755 1884 11
779 1820 906 1885 cederet
929 1820 1044 1886 armis:
1166 1837 1223 1888 480

202 1905 442 1993 ‘Absistemus'
467 1908 521 1992 ait,
544 1906 684 1992 ‘campo
709 1908 765 1973 sed
788 1907 922 1974 Pallade
944 1910 1041 1994 pulsa

201 1995 291 2062 Num
313 1996 384 2063 fato
406 1998 553 2063 auertet?
577 1999 731 2082 caeloque
755 1998 880 2062 arcebit
903 1998 945 2062 ab
970 1999 1038 2063 alto

202 2084 341 2151 Cernere
365 2083 511 2172 Gargani
532 2085 693 2151 feruentia
716 2086 866 2151 caedibus
890 2085 1009 2152 aruai'

202 2173 293 2240 Haec
317 2175 415 2240 effata
437 2196 517 2239 caua
539 2173 684 2240 Poenum
707 2175 741 2240 in
765 2175 944 2240 certamina
966 2175 1052 2240 nube

203 2261 376 2328 sublatum
399 2263 529 2328 diuersa
550 2263 627 2328 tulit
650 2268 820 2349 terrasque
843 2264 984 2349 reliquit.
1167 2281 1223 2332 488

250 2351 296 2416 At
319 2351 481 2417 Gradiuus
505 2355 599 2417 atrox
622 2353 798 2417 remeantis
821 2353 856 2418 in
879 2353 1013 2418 aethera
1036 2354 1130 2419 diuae

204 2441 366 2506 Abscessu
390 2444 522 2507 reuocat
545 2445 669 2506 mentes
692 2441 847 2526 fusosque
869 2464 928 2526 per
951 2463 1073 2528 aequor

204 2529 280 2613 Ipse
303 2551 402 2595 manu
425 2551 556 2616 magns,
578 2530 732 2596 nebulam
755 2530 982 2616 circumdatus,
1006 2532 1072 2598 scri

204 2617 365 2683 Restituit
387 2639 525 2703 pugnae.
549 2622 743 2684 conuertunt
766 2619 861 2704 signs
883 2641 1067 2704 nouamque

202 2705 394 2771 Instaurant
416 2707 503 2792 Itali,
525 2729 621 2774 uersa
643 2707 825 2790 formidine,
848 2709 994 2775 caedem:
1164 2725 1221 2776 400

206 2791 289 2859 Cum
311 2795 418 2860 uentis
441 2796 569 2880 positus
593 2800 712 2880 custos,
736 2797 788 2862 cui
810 2796 943 2862 flamina
965 2819 1075 2864 carcer

275 3027 327 3078 465
346 3029 493 3078 00101110
564 3028 617 3080 489
636 3022 725 3078 Sason
743 3029 780 3076 011
851 3030 904 3079 473
924 3024 1040 3080 enotriis
1054 3030 1120 3079 7107
1135 3041 1224 3082 1010-

204 3094 268 3148 triis
285 3100 306 3146 1³
326 3125 359 3135 —
379 3093 490 3150 elabere
510 3100 529 3148 0
642 3098 695 3148 474
714 3094 909 3164 Germanoque
928 3100 965 3148 ch
988 3094 1184 3166 Germaneque
1205 3104 1224 3151 8

204 3171 258 3220 476
277 3165 306 3218 ni
327 3165 453 3238 desistis]
472 3165 503 3220 in
521 3166 626 3221 dextris
644 3170 665 3217 r
685 3197 717 3205 -
737 3166 793 3221 iam
813 3171 832 3219 0
905 3173 957 3222 477
972 3165 1089 3237 corrigis
1104 3169 1225 3242 Bentley

208 3236 325 3306 corripis
344 3237 427 3293 Blaee
547 3242 601 3293 478
620 3235 728 3306 Aegida
746 3239 785 3292 ed.
805 3237 883 3294 Rern.
904 3243 920 3294 1
948 3236 1055 3308 Aegide
1075 3243 1091 3290 8
1118 3239 1226 3306 Aegidi

205 3309 323 3379 Bentley
406 3313 460 3364 480
479 3311 524 3363 sat
542 3311 619 3364 certa
637 3308 680 3362 sui
698 3308 833 3364 Heinsius
917 3314 970 3364 483
990 3309 1118 3364 Sternere
1138 3309 1225 3366 Bluas

206 3383 259 3434 487
278 3378 412 3448 fusosque
431 3384 468 3432 071
485 3380 616 3448 fusorque
634 3383 700 3432 1107
721 3380 891 3447 fusosque?
963 3384 1016 3435 488
1034 3379 1169 3436 nebulam
1188 3413 1223 3422 —

206 3450 265 3504 acri
284 3451 443 3512 chnebula
462 3456 478 3503 8
497 3482 531 3492 -
550 3456 651 3506 strar
671 3449 842 3522 (neser)
913 3455 965 3507 488
984 3457 1225 3524 1131008113-

205 3526 354 3575 11117107
373 3521 541 3594 (nasso)
612 3526 664 3576 491
685 3520 730 3578 cui
748 3526 771 3574 7
790 3522 839 3590 qui
855 3527 917 3576 71170
