2596 4010
188 179 253 242 144
592 178 659 232 SlLl
677 177 808 233 ITALlCl

187 341 315 406 inuidia
338 346 396 406 aut
418 340 537 406 blando
556 340 722 424 popularis
746 341 852 426 gloria
875 339 962 425 fuco;

188 429 266 494 Non
288 434 379 494 astus
402 429 514 514 fallax,
536 451 603 493 non
625 429 745 514 praeda
768 430 894 494 aliusue
918 429 1044 510 cupido.
1157 443 1210 494 616

188 518 339 582 Bellandi
362 521 455 582 uetus
479 539 517 582 ao
540 518 672 582 laudum
695 517 885 602 cladumque
909 518 1018 600 quieta

188 607 298 672 Mente
322 629 437 691 capax3
460 627 520 688 par
543 607 711 692 ingenium
735 606 916 690 castrisque
938 605 1125 690 togaeque?

190 694 245 762 Sic
268 697 397 780 genitor
419 695 530 760 diuum
552 694 730 779 recipitque
753 694 794 759 ed
817 694 923 759 sidera
946 714 1106 780 gressum.

232 783 305 863 Hic,
329 784 570 866 circumspectis
589 783 675 854 nulli
697 784 875 866 deprensus
898 784 932 847 in
956 782 1055 846 armis

188 873 417 957 Laudatusqua
440 871 522 956 Ioui,
544 870 667 936 Fabius
691 871 838 936 mirabile
862 874 1020 956 quantum
1157 889 1211 938 620

192 961 363 1026 Gaudebat
385 961 535 1026 reducem
558 960 685 1043 patriae
710 981 922 1025 annumerare
946 981 1110 1044 reuersus,

190 1051 337 1115 Duxerat
361 1049 529 1134 egrediens
553 1071 649 1134 quam
674 1069 782 1114 secum
805 1048 841 1113 in
864 1049 997 1133 proelia,
1019 1049 1154 1131 pubem.

190 1139 260 1205 Nec
283 1137 438 1203 membris
462 1137 632 1221 quisquam
656 1140 777 1201 natoue
799 1137 945 1221 pepercit
968 1140 1078 1202 amato

190 1227 318 1309 Acrius,
341 1229 398 1292 aut
420 1225 503 1290 uidit
527 1225 649 1291 socium
673 1247 731 1309 per
754 1225 841 1290 bella
864 1246 1010 1304 cruorem

190 1315 338 1381 Tristior.
362 1319 459 1399 atque
482 1314 577 1398 idem,
599 1313 750 1398 perfusus
774 1315 931 1398 sanguine
954 1313 1061 1379 uictor
1158 1331 1213 1381 625

190 1404 323 1488 Hostili,
346 1403 453 1488 plenis
476 1403 643 1487 repetebat
667 1402 796 1467 moenia
818 1403 943 1468 castris.

192 1492 301 1578 Stirpe
325 1513 428 1578 genus
452 1491 574 1556 clarum
598 1491 752 1574 caeloque
776 1491 884 1556 affinis
908 1493 1010 1575 origo.

191 1583 278 1647 Nam
301 1601 449 1646 remeans
473 1579 581 1664 longis
606 1579 685 1644 olim
707 1578 899 1662 Tirynthius
923 1579 988 1644 oris

191 1670 237 1734 Et
259 1668 398 1752 triplicis
422 1669 561 1732 monstri
583 1667 705 1732 famam
729 1671 762 1732 et
785 1669 969 1751 spectacula
992 1671 1106 1752 captas

192 1758 277 1822 Mira
299 1757 400 1821 boues
423 1756 493 1840 hac,
518 1777 581 1840 qua
603 1755 732 1841 fulgent
754 1777 840 1821 nunc
858 1758 987 1821 moenia
1004 1755 1145 1842 Romae,
1160 1775 1214 1824 636

191 1846 274 1932 Egit
298 1867 408 1910 ouans.
432 1849 510 1909 tunc
533 1843 702 1927 Arcadius,
726 1845 773 1910 sio
796 1845 893 1930 fama,
916 1845 1048 1910 locabat

191 1936 281 1999 lnter
304 1933 449 1998 desertos
471 1931 607 1997 fundata
630 1932 758 1998 Palatia
782 1933 896 1999 dumos

192 2023 340 2107 Paupere
359 2022 419 2086 sub
443 2021 564 2106 populo
589 2021 718 2104 ductor3
741 2044 814 2086 cum
837 2022 927 2107 regia
949 2022 1053 2107 uirg0,

192 2110 331 2194 Hospite
354 2110 440 2175 uicta
464 2131 564 2188 sacro,
587 2108 725 2174 Fabium
749 2110 788 2174 de
801 2111 944 2176 ¹crimine
966 2111 1053 2174 laeto

192 2200 349 2264 Procreat
372 2202 406 2262 et
428 2197 540 2283 magni
564 2197 750 2263 commiscet
773 2199 906 2263 seminis
930 2202 1021 2264 ortus
1162 2221 1217 2269 535

192 2288 297 2354 Arcas
320 2289 354 2352 in
377 2286 554 2350 Herculeos
577 2290 682 2350 mater
704 2291 843 2352 uentura
864 2291 1009 2372 nepotes.

194 2377 410 2466 Tercentum
429 2375 544 2440 domus
566 2374 647 2440 haec
669 2374 791 2440 Fabios
815 2377 956 2440 armauit
979 2377 1014 2439 in
1036 2375 1185 2464 hostem,

194 2465 322 2530 Limine
345 2485 537 2550 progressos
561 2485 639 2547 un03
662 2463 880 2547 pulcherrima
904 2486 1041 2548 qnorum

195 2553 383 2620 Cunctando
407 2552 528 2617 Fabius
553 2552 720 2635 superauit
742 2553 827 2616 facta
851 2553 1026 2636 ducemque

193 2641 413 2712 Hannibalem
438 2640 614 2725 aequando.
637 2644 749 2704 tantus
772 2644 858 2721 tuno,
881 2640 997 2723 Poene,
1018 2639 1124 2707 fuisti.
1161 2661 1217 2710 640

237 2731 323 2794 Dum
347 2752 382 2795 se
405 2730 546 2813 perculsi
568 2733 727 2793 renouant
750 2729 784 2794 in
807 2729 895 2794 bella
918 2728 1036 2814 Latini,

194 2819 356 2884 Turbatus
380 2817 458 2882 Ioue
482 2821 515 2881 et
539 2820 636 2880 exuta
659 2839 716 2900 spe
739 2818 868 2882 moenia
891 2818 1032 2882 Itomae·

87 2935 89 2940 ·
194 2907 359 2990 Pulsandi,
382 2907 473 2971 collis
497 2905 638 2971 Umbros
662 2909 759 2990 atque
783 2929 862 2970 arua
885 2907 1018 2989 petebat

195 2995 371 3076 Hannibal,
395 2996 519 3058 excelso
545 2995 662 3058 summi
687 3015 751 3078 qua
773 2994 894 3058 uertice
919 2995 1039 3058 montis

195 3083 362 3148 Deuexum
385 3083 482 3146 lateri
504 3083 625 3168 pendet
647 3081 763 3167 Tuder,
786 3087 884 3166 atque
909 3083 965 3146 ubi
987 3082 1064 3146 latis
1163 3102 1215 3151 646

268 3263 319 3312 614
338 3256 441 3311 blando
460 3261 541 3309 0111AE
560 3255 650 3310 libido
670 3261 689 3310 0
707 3255 798 3311 libido
817 3259 843 3323 (c
862 3256 992 3326 suprad)
1011 3259 1034 3306 V
1052 3256 1100 3321 (T.
1111 3263 1216 3326 pm

198 3332 302 3392 61244)
377 3334 428 3382 616
446 3327 568 3397 praedae
587 3328 676 3382 Bothe
747 3332 799 3382 616
820 3326 944 3381 bellandi
964 3329 1008 3381 est
1025 3329 1109 3382 uetus
1123 3329 1216 3385 Bolbe

198 3407 248 3453 620
268 3398 396 3452 mirabile
414 3398 550 3468 quantum
570 3403 606 3450 ch
623 3399 702 3466 (Ἑρ
725 3401 794 3465 203)
868 3403 919 3452 660
937 3413 1012 3452 nune
1029 3398 1104 3453 decet
1121 3401 1158 3454 in
1173 3405 1214 3453 ov

198 3469 400 3523 6641661661
472 3474 523 3523 643
542 3467 733 3524 Ρ616666661ι
809 3473 862 3522 644
881 3470 982 3522 summi
998 3474 1035 3521 th
1060 3471 1215 3530 summfiv

199 3571 231 3579 -
243 3538 346 3593 excelsi
356 3556 463 3594 summo
475 3539 554 3594 Thilo
623 3544 674 3592 646
685 3540 780 3594 lateris
791 3539 926 3594 Heinsius
937 3570 970 3580 -
980 3539 1064 3594 laetis
1074 3541 1216 3598 Heinsius
