2596 4010
203 159 267 224 126
599 155 668 212 SlLl
686 156 820 212 ITALIOI

201 318 368 384 Euolue'ns
390 340 458 384 non
480 318 574 383 tarda
597 317 708 384 Marus
735 355 773 368 -
798 322 892 383 uetus
915 319 970 384 ille
993 321 1152 402 parentis

202 407 298 472 Miles
322 412 354 470 et
377 407 464 472 haud
488 407 586 472 surda
608 407 767 473 tractarat
790 407 915 491 proelia
937 405 1029 472 fama
1055 445 1098 456 —
1197 425 1230 474 15

201 495 361 580 Procedit,
383 500 540 560 renouata
562 495 646 562 focis
670 500 703 562 et
725 517 866 580 paupere
890 495 993 562 Uesta
1151 563 1160 580 ,

201 583 340 648 Lumina
361 584 586 667 praetendens.
608 589 707 668 utque
731 606 789 648 ora
812 584 947 668 agnouit
969 587 1003 648 et
1027 605 1175 668 aegrum

201 671 402 737 Uulneribus
415 672 506 737 ⁴diris
530 695 575 758 ac,
599 673 807 738 lamentabile
831 673 912 756 uisu,

201 759 376 845 Lepsantis
399 761 520 825 fultum
543 765 697 828 truncata
719 762 851 845 cuspide
874 782 1014 846 gressus,

202 847 490 917 Funestirumore
514 850 592 914 mali
615 850 681 916 iam
705 851 832 916 saucius
857 871 964 914 aures:
1196 867 1231 916 80

203 936 314 1015 ‘Quod
337 940 450 1020 scelus,
473 960 492 1003 ο
516 937 635 1003 nimius
658 939 747 1004 uitae
769 939 971 1022 nimiumque
994 936 1148 1022 ferendis

200 1024 357 1094 Aduersis
379 1028 518 1111 genitus,
541 1027 658 1092 cerno?
682 1032 724 1110 te,
748 1027 895 1108 maxime,
919 1025 995 1108 uidi,

201 1113 391 1200 Ductorum,
415 1137 487 1180 eum
511 1116 639 1199 captiuo
664 1112 873 1200 Carthaginis
898 1137 1004 1180 arcem

202 1201 352 1269 Teneres
375 1203 480 1288 uultu,
503 1204 625 1270 crimen
647 1204 841 1288 culpamque
864 1203 1031 1286 Tonantis,

203 1291 355 1357 Occidere
379 1295 475 1376 etque
498 1290 604 1377 hausi,
627 1314 723 1376 quem
745 1314 812 1357 non
835 1290 968 1358 Sidonia
990 1295 1079 1358 teuta
1197 1309 1231 1358 85

202 1379 400 1464 Expulerint
423 1403 535 1446 euersa
559 1402 631 1446 meo
655 1382 694 1445 de
717 1380 823 1463 eorde,
846 1381 1000 1446 dolorem.

202 1468 294 1534 Estis
317 1469 374 1534 ubi
397 1491 437 1533 en
459 1469 588 1554 iterum,
612 1469 744 1553 superi?
769 1470 825 1533 dat
847 1473 983 1552 pectore·
1002 1468 1093 1534 ferro

202 1555 356 1642 Regulus,
379 1579 417 1623 ac
439 1561 550 1622 tantae
575 1558 712 1641 stirpem
735 1558 865 1641 periura
888 1557 1002 1622 recidit

204 1643 398 1730 Surgentem
423 1643 588 1730 Carthago
613 1645 748 1712 domus?
781 1645 860 1710 Inde
884 1665 984 1728 aegra
1006 1646 1146 1730 reponit

201 1732 351 1798 Membra
368 1737 456 1818 turo,
477 1755 537 1800 nec
560 1735 643 1800 ferre
665 1734 754 1800 rudis
774 1733 1038 1800 medicamina—
1050 1734 1187 1821 quippe
1198 1753 1231 1801 90

202 1818 351 1886 Callebat
374 1821 471 1886 bellis
494 1859 537 1870 —
560 1845 646 1888 nunc
668 1827 790 1908 purgat
813 1823 950 1888 uulnera
972 1823 1123 1909 lympha,

201 1907 441 1975 Nune-mulcet
465 1910 559 1976 suris.
583 1911 666 1997 ligat
688 1911 764 1976 inde
788 1933 825 1977 ac
848 1911 971 1978 uellera
994 1911 1088 1976 molli

203 1995 391 2064 Circumdat
413 2001 505 2064 tactu
528 2001 745 2082 et'torpentis
770 1999 900 2085 mitigat
923 2003 1024 2066 artus.

202 2085 288 2150 Exin
312 2109 389 2152 cura
413 2079 491 2172 se'ni,
513 2087 642 2152 tristem
666 2087 825 2173 depellere
849 2089 935 2153 fesso
1281 2151 1282 2170 2

203 2173 267 2239 Ore
291 2175 380 2240 sitim
404 2181 437 2240 et
459 2198 559 2259 parca
580 2177 668 2242 uires
692 2198 853 2242 accersere
877 2198 997 2241 mensa.
1198 2197 1231 2244 95
1281 2193 1282 2230 l

203 2260 292 2338 Quae
314 2269 488 2349 postquam
510 2269 698 2349 properata,
727 2287 824 2350 sopor
847 2287 907 2330 sua
930 2286 1065 2329 munera
1083 2267 1231 2333 tandem

203 2351 360 2435 Applicat
383 2357 416 2417 et
435 2353 551 2442 ¹mitem
574 2351 683 2418 fundit
705 2377 764 2438 per
788 2354 934 2418 membra
957 2353 1112 2438 quietem.

203 2439 351 2506 Necdum
376 2445 489 2507 exorta
512 2442 589 2525 dies,
612 2442 723 2506 Marus
746 2443 848 2507 instet
872 2443 1014 2506 uulneris
1038 2446 1159 2509 aestus
1280 2483 1281 2488 κ

201 2529 357 2614 Expertis
380 2530 540 2596 medicare
564 2531 669 2596 modis
692 2535 884 2615 gratumque
908 2535 1066 2614 teporem,

202 2616 331 2684 Exutus
355 2619 488 2704 senium,
511 2619 639 2704 trepida
661 2619 784 2703 pietate
808 2619 985 2684 ministrat.
1178 2640 1230 2688 100

247 2705 310 2772 Hic
333 2707 472 2792 iuuenis,
492 2711 635 2774 maestos
658 2708 777 2773 tollens
801 2708 842 2772 ad
866 2708 971 2772 sidera
993 2707 1117 2791 uultus,

204 2791 286 2858 (lum
310 2796 434 2880 gemitu
456 2796 664 2880 lacrimisque
694 2797 804 2862 simul:
829 2795 880 2861 ‘Si
904 2795 1046 2860 culmina
1068 2798 1225 2864 nondum
1279 2833 1280 2838 ¹

203 2880 342 2967 Tarpeia
365 2906 481 2950 exosus
506 2885 667 2950 damnasti
691 2888 820 2969 sceptra
844 2884 980 2966 Quirini,

202 2970 375 3036 Extremas
398 2970 519 3037 Italum
542 2995 594 3038 res
618 2973 862 3057 Ausoniamque
884 2977 1033 3038 ruentem

203 3093 411 3106 ...-..,..,,-..ι-,

276 3168 310 3216 74
328 3162 487 3218 Deuoluens
506 3163 642 3220 Schrader
665 3197 697 3204 -
717 3165 786 3236 non]
805 3163 864 3218 iem
882 3164 974 3220 Barth
1097 3169 1133 3219 '18
1153 3167 1226 3222 diris

203 3232 340 3290 Schrader
357 3233 418 3288 tir-is
431 3239 460 3302 L,
479 3235 552 3290 aude
565 3235 656 3304 Tyriis
674 3237 766 3304 Blass,
786 3234 863 3290 duris
882 3240 947 3288 rov
1010 3241 1045 3290 81
1061 3233 1170 3290 nimius
1182 3245 1226 3292 cn

203 3303 258 3373 Ep.
273 3309 314 3361 22
333 3303 489 3360 nimiumu
588 3311 622 3361 86
641 3305 814 3376 Expulerunt
833 3311 876 3358 ov
980 3311 1014 3360 87
1030 3321 1065 3359 en
1085 3308 1134 3375 (=
1154 3307 1225 3377 heu)

203 3376 338 3432 Haustus
415 3382 449 3434 88
468 3379 617 3432 aetantes
637 3377 754 3446 stirpem
773 3384 817 3430 cm
830 3377 886 3447 Ep.
900 3381 938 3434 22
957 3377 1075 3445 stirpem
1088 3379 1225 3436 tentaes

203 3451 237 3498 90
253 3445 444 3575 pnedpqeplmppa
463 3464 600 3518 opemque
615 3447 643 3503 0.
658 3447 728 3504 belli
741 3451 786 3506 ael
800 3448 829 3506 G.
843 3448 911 3502 telis
926 3447 1062 3504 Heinsius
1113 3455 1149 3504 93
1166 3453 1225 3506 tor-

203 3532 296 3570 renes
338 3534 385 3574 cr
424 3536 452 3574 er
