2596 4010
193 198 236 263 88
594 197 663 253 SILI
681 197 814 254 ITALICI

194 361 349 446 Ingressu
373 359 562 426 tremefacta
584 359 645 444 dei,
667 360 819 444 ripasque
842 359 1005 446 relinquit,

193 450 317 515 Audito
341 471 445 532 curru,
467 448 614 532 fontique
637 449 795 514 relabitur
818 448 932 514 amnis.

240 537 418 603 Ductorem
442 537 626 602 Ausonium
648 537 723 602 telis
748 535 980 602 Garamantica
1003 539 1108 623 pubes
1162 556 1222 606 445

196 625 351 692 Cinxerat
374 630 407 691 et
429 625 526 708 Tyrio
550 627 621 711 regi
643 647 730 690 noua
752 626 837 691 dona
858 627 1010 710 parabat,

195 717 373 781 Armorum
397 715 538 800 spolium
561 737 598 780 ae
621 715 765 780 rorantia
788 715 931 780 consulis
955 737 1021 781 ora.

197 803 315 870 Stabat
336 803 498 887 Fortunae
520 825 587 869 non
611 803 722 868 cedere
746 806 853 868 certus
877 809 910 870 et
934 804 1000 868 acri

195 893 284 959 Mole
308 893 528 978 retorquebat,
552 891 740 957 crudescens
765 892 925 977 caedibus,
948 893 1071 978 hastas,

195 983 329 1066 Iamque
353 1003 421 1065 suo,
442 980 572 1066 iamque
595 980 710 1045 hostili
732 980 865 1064 perfusa
888 1003 1000 1047 cruore
1162 999 1218 1049 450

195 1070 344 1136 Membra
367 1069 508 1154 madent,
531 1068 672 1134 cecidere
695 1068 800 1151 iubae,
822 1089 966 1155 gyroque
989 1091 1047 1153 per
1071 1071 1189 1136 orbem

195 1160 326 1244 Artato,
350 1157 507 1223 Garamas
530 1157 645 1222 iaculis
669 1157 876 1241 propioribus
898 1159 1001 1224 instat

196 1247 243 1312 Et
264 1247 365 1312 librat
388 1268 486 1312 saeua
509 1246 688 1312 coniectum
712 1246 842 1330 cuspide
864 1246 995 1314 ferrum.

196 1335 260 1402 Hic
282 1357 363 1420 puer
385 1339 422 1400 ut
444 1335 552 1420 patrio
576 1334 715 1400 defixum
740 1356 873 1420 corpore
895 1337 997 1401 telum

198 1423 386 1510 Conspexit,
409 1424 560 1488 maduere
583 1444 693 1508 genae,
717 1423 888 1508 subitoque
911 1428 1105 1490 trementem
1162 1442 1218 1493 455

198 1512 365 1597 Corripuit
388 1513 503 1597 pallor,
527 1512 749 1596 gemitumque
773 1511 815 1576 ad
838 1513 943 1578 sidera
964 1514 1062 1599 rupit.

198 1602 256 1668 Bis
280 1604 414 1666 conatus
439 1605 509 1664 erat
531 1621 735 1684 praecurrere
757 1599 829 1666 fata
851 1603 1006 1686 parentis,

199 1689 364 1757 Conuerse
387 1689 422 1752 in
445 1693 546 1754 semet
569 1688 696 1774 dextra3
718 1687 769 1754 bis
793 1690 961 1754 transtulit
982 1693 1048 1756 iras

197 1778 236 1844 In
260 1777 387 1843 Poenos
410 1777 551 1842 Mauors.
572 1776 677 1840 fertur
699 1799 758 1861 per
781 1778 856 1860 tela,
877 1801 936 1864 per
958 1779 1064 1844 hostis

197 1866 382 1951 Intrepidus
405 1888 486 1950 puer
509 1869 542 1931 et
565 1864 743 1930 Gradiuum
766 1867 917 1949 passibus
942 1873 1068 1952 aequat.
1163 1887 1220 1937 460

199 1955 361 2022 Continuo
385 1976 509 2020 cessere
533 1953 632 2039 globi,
655 1955 805 2038 latusque
827 1961 959 2039 repente

193 2044 347 2128 *Apparet
371 2065 486 2127 campo
510 2043 614 2107 limes.
636 2043 731 2108 metit
754 2045 887 2128 agmina
909 2048 1014 2110 tectus

200 2131 342 2198 Caelesti
365 2132 469 2216 clipeo
494 2135 526 2196 et
549 2131 666 2196 sternit
688 2153 785 2216 super
808 2155 899 2198 arma
922 2134 1086 2200 iacentum

200 2219 409 2306 Corporaque
428 2224 593 2285 auctorem
615 2219 674 2284 teli
697 2221 879 2305 multasque
902 2227 1055 2306 paternos

199 2308 288 2374 Ante
313 2309 423 2375 oculos
447 2307 582 2391 animas,
605 2312 719 2392 optata
741 2310 876 2392 piacula,
899 2315 1029 2376 mactat.
1069 2374 1072 2379 ,
1164 2330 1220 2382 res

200 2397 300 2478 Tunc,
323 2402 418 2482 rapte
440 2419 576 2482 propere
600 2397 689 2462 duris
714 2419 752 2462 ex
775 2398 904 2462 ossibus
926 2399 1031 2481 hasta,

200 2485 353 2552 Innixum
377 2487 501 2552 ceruice
525 2487 631 2551 ferens
654 2486 852 2570 humeroque
874 2491 1053 2571 parentem,

200 2575 340 2642 Emicat.
364 2576 522 2641 attonitae
545 2578 640 2640 tanta
662 2575 703 2639 ad
727 2577 910 2658 spectacula
932 2579 1059 2642 turmae

201 2664 280 2731 Tela
302 2668 424 2748 tenent,
447 2664 594 2748 ceditque
617 2664 689 2730 loco
712 2662 811 2748 Libys
835 2685 939 2750 asper,
962 2668 995 2730 et
1018 2668 1125 2733 omnis

199 2753 280 2818 Late
303 2754 389 2819 cedit
410 2753 525 2839 Hiber3
550 2753 717 2836 pietasque
740 2752 878 2836 insignis
902 2758 934 2818 et
957 2757 1047 2820 actas
1163 2775 1221 2826 470

201 2841 373 2926 Belligeris
395 2842 475 2908 fecit
496 2841 644 2906 miranda
667 2841 796 2905 silentia
818 2843 949 2925 campis.

201 2929 285 2994 Tum
309 2931 394 2995 celso
418 2952 435 2994 e
459 2953 555 2996 curru
577 2929 722 2994 Mauors:
745 2925 971 3015 ‘Carthaginis
995 2952 1084 2996 arces

202 3016 393 3102 Excindes'‚
415 3019 530 3104 inquit,
554 3017 749 3103 ‘Tyriosque
772 3017 812 3082 ad
835 3018 965 3083 foedera
988 3041 1093 3106 coges.

202 3105 304 3172 Nulla
326 3111 436 3171 tamen
460 3108 558 3192 longo
582 3109 676 3171 tanta
699 3105 862 3170 exorietur
884 3107 919 3170 in
941 3129 1021 3173 aeuo

202 3195 274 3260 Lux
296 3195 368 3279 tibi,
391 3216 463 3260 care
486 3217 573 3280 puer.
596 3198 710 3278 macte,
734 3217 753 3260 o
777 3198 882 3260 macte
905 3195 1013 3261 indole
1037 3219 1140 3284 sacra,
1164 3217 1220 3268 475

276 3429 328 3480 447
347 3440 380 3478 ac
398 3429 439 3475 tr
458 3423 487 3478 et
505 3427 548 3475 ov
588 3427 638 3476 461
659 3421 784 3479 cecinere
802 3421 877 3477 Lena
895 3427 920 3478 et
937 3423 1040 3480 Bottc'
1080 3430 1134 3480 453
1150 3443 1220 3482 con·

203 3497 309 3550 iactum
337 3501 353 3546 s
380 3493 531 3548 traiectum
556 3498 592 3545 ch
623 3523 656 3533 —
687 3493 782 3550 uibrat
812 3492 949 3550 Schrader
977 3500 1002 3550 et
1034 3495 1116 3552 Turro
1145 3497 1221 3554 libat

204 3565 331 3622 Koestlin
420 3569 473 3619 464
492 3563 614 3632 Corpora
633 3565 661 3618 et
680 3568 708 3630 0Ι
