2632 4014
207 155 273 220 228
608 155 677 208 SILI
693 155 828 212 ITALIOI

227 378 229 382 ,
254 317 344 382 Haec
366 317 460 402 inter,
483 319 589 384 lacero
614 321 802 383 manantem
827 340 865 382 ex
889 340 944 384 ore
968 340 1115 384 cruorem

208 406 372 490 Eiectans,
396 407 522 472 consul:
546 405 668 472 ‘Macte
693 429 712 472 0
735 407 857 471 uirtute
880 409 1032 492 paterna!

209 493 278 559 Nec
302 516 378 559 uero
404 517 478 579 spes
503 499 670 580 angustae,
694 517 767 560 cum
789 495 872 560 talia
896 499 1021 560 restent

199 583 346 648 'Pectora
368 582 526 649 Romuleo
550 605 662 670 regno.
685 583 867 648 calcaribus
891 584 991 669 aufer,
1170 603 1222 652 119

211 671 282 747 Qua
305 671 423 736 uulnus
446 672 622 757 permittit,
646 694 764 756 equum
792 676 890 756 atque
914 673 1001 738 hino:
1023 674 1112 738 ocius
1134 675 1225 740 urbis

212 758 413 826 Claudantur
435 764 560 845 portae,
582 764 656 825 ruet
678 761 758 826 haec
782 761 823 825 ad
846 761 974 826 moenia
997 762 1111 847 pestis,

210 848 280 932 Dio,
304 870 374 932 oro,
396 871 503 913 rerum
527 847 631 914 Fabio
654 850 827 914 tradantur
848 849 1006 914 habenae.

212 935 343 1002 Nostris
366 937 527 1023 pugnauit
549 938 682 1002 monitis
704 937 805 1003 furor.
829 938 969 1022 amplius
994 941 1068 1003 acta

212 1025 297 1102 Quid
321 1029 468 1109 superest
490 1027 569 1107 uita,
591 1026 656 1090 nisi
679 1048 793 1091 caecae
818 1027 988 1091 ostendere
1010 1027 1099 1112 plebi
1172 1044 1227 1094 284

210 1113 349 1178 Paulum
373 1113 455 1179 scire
478 1115 583 1179 mori?
601 1114 694 1179 'feror
717 1137 759 1178 an
782 1120 995 1199 consumptus
1018 1115 1053 1179 in
1076 1115 1189 1180 urbem

211 1201 434 1267 Uulneribus‘?
458 1205 611 1287 quantine
635 1207 781 1288 emptum
804 1203 885 1268 uelit
908 1203 1085 1289 Hannibal,
1107 1207 1144 1269 ut
1163 1227 1228 1271 nos

212 1290 381 1355 Uertentis
404 1294 499 1377 terga
523 1291 681 1378 aspiciat?
704 1314 763 1365 neo
786 1291 868 1356 talia
889 1291 991 1358 Paulo

213 1379 359 1464 Pectora,
381 1401 441 1444 nec
464 1381 569 1445 manis
592 1384 661 1444 tam
685 1402 787 1463 parua
809 1380 969 1445 intramus
992 1381 1113 1467 imago.

212 1468 273 1532 llle
298 1489 359 1553 ege
384 1505 425 1514 -
451 1468 506 1532 sed
529 1491 615 1534 uano
639 1469 716 1554 quid
740 1468 827 1532 enim
849 1473 882 1533 te
906 1469 1056 1534 demoror
1079 1490 1186 1555 aeger,

212 1555 358 1640 Lentule,
383 1558 584 1640 conquestu?
607 1577 707 1641 perge
731 1561 827 1640 atque
850 1557 927 1623 hinc
950 1557 1081 1641 cuspide
1103 1557 1232 1625 fessum

211 1645 311 1730 Eripe
326 1645 566 1729 quadrupedem
579 1644 736 1730 propere?
759 1645 842 1709 Turn
858 1643 1018 1710 Lentulus
1037 1646 1161 1730 urbem,
1176 1664 1232 1714 291

212 1733 334 1820 Magna
356 1734 462 1798 ferens
486 1734 648 1818 mandata,
671 1733 769 1819 petit3
790 1755 850 1798 nec
872 1732 991 1799 Paulus
1015 1734 1166 1820 inultum,

214 1821 306 1897 Quod
331 1826 478 1907 superest
502 1823 540 1887 de
563 1823 642 1908 luce,
666 1823 754 1888 sinit.
778 1844 835 1887 ceu
858 1823 992 1888 uulnere
1015 1823 1110 1907 tigris

212 1909 354 1975 Letiferc
379 1910 493 1975 cedens
517 1911 648 1975 tandem
672 1911 880 1996 proiectaque
904 1933 1021 1996 eorpus

213 1998 373 2063 Luctatur
395 1998 494 2063 morti
518 2003 550 2063 01
572 1999 782 2084 languentem
804 1999 921 2084 pandit
943 2000 1071 2066 hiatum
1179 2018 1237 2070 295

213 2089 251 2152 In
275 2108 377 2152 uanos
401 2109 538 2168 morsus,
560 2109 619 2152 nec
643 2087 969 2152 sufficientibus-irae

214 2175 338 2240 Ictibus
363 2180 506 2240 extrema
529 2175 646 2239 lambit
668 2175 832 2240 uenabula
854 2175 977 2261 lingua.

214 2264 348 2349 Iamque
372 2264 556 2330 coruscanti
578 2263 680 2328 telum
703 2265 902 2348 propiusque
925 2264 1045 2330 ferenti

213 2352 368 2418 Gressum
392 2353 591 2418 exultantem
615 2355 648 2415 et
672 2373 784 2417 securo
808 2353 915 2418 caedis
938 2353 1044 2418 Iertae

215 2441 291 2507 Non
315 2445 520 2526 expectatum
544 2461 680 2526 surgens
703 2439 858 2505 defixerat
881 2463 990 2506 ensem
1178 2461 1240 2512 300

217 2529 448 2614 Sidoniumque
471 2531 584 2594 ducem
608 2529 910 2614 circumspectabat,
933 2529 1049 2594 inille

216 2616 385 2703 Exoptans
410 2619 551 2682 animam
575 2620 754 2682 certantem
778 2640 899 2702 ponere
922 2619 1044 2683 dextra.

217 2706 279 2771 Sed
302 2708 408 2773 uicere
430 2707 538 2771 uirum
562 2706 754 2770 coeuntibus
778 2707 919 2792 undique
942 2707 1017 2772 telis

216 2795 262 2860 Et
285 2794 410 2860 Nomas
433 2799 466 2860 ct
485 2793 642 2859 Garamas
667 2799 700 2859 et
719 2793 830 2861 Celtae
854 2799 888 2860 et
905 2794 1038 2860 Maurus
1063 2799 1096 2860 01
1115 2795 1243 2866 Astur.

286 3027 337 3077 282
363 3037 410 3077 010
438 3028 479 3075 02
507 3037 574 3092 ergo
599 3027 641 3074 ov
735 3027 788 3077 283
816 3024 898 3077 actae
926 3052 960 3062 —
988 3021 1066 3078 uitae
1093 3023 1246 3084 Heinsius

216 3099 270 3148 285
283 3095 447 3148 ferorum
466 3093 543 3149 furor
554 3099 596 3146 ov
611 3091 690 3146 —in
703 3093 801 3147 urbem
815 3099 859 3146 011
872 3093 928 3163 Ep.
945 3096 981 3148 13
1026 3099 1079 3149 286
1094 3097 1246 3162 quantine

217 3167 343 3235 emptum
362 3170 405 3217 011
428 3166 445 3221 l.
470 3165 488 3221 l.
515 3163 677 3234 quantinus
705 3165 858 3232 quantique
877 3164 1026 3220 Liuineius
1053 3166 1157 3232 quanti
1179 3168 1246 3224 heu

215 3237 351 3292 Heinsius
427 3240 480 3290 289
498 3251 572 3290 uano
592 3242 636 3288 011
654 3236 703 3290 il.
723 3241 764 3287 02
791 3234 870 3289 uario
890 3239 932 3286 ov
1009 3239 1061 3288 291
1081 3235 1172 3306 Eripe
1195 3244 1247 3292 ov

216 3307 301 3376 Erige
321 3311 404 3359 011112
423 3305 512 3376 Exige
531 3307 666 3362 Heinsius
710 3311 762 3360 297
780 3304 909 3359 Rictibus
924 3304 1061 3360 Heinsius
1106 3311 1162 3361 299
1179 3307 1248 3364 Ιο1-

215 3381 262 3433 tae
272 3383 353 3432 uun!
364 3379 393 3433 in
402 3379 489 3432 01100
507 3377 628 3431 inertev
641 3375 749 3430 Ilerdae
765 3375 901 3432 Oellerius
956 3382 1008 3431 309
1023 3375 1183 3433 deflexerat
1206 3388 1248 3434 011

216 3454 268 3502 302
287 3451 440 3505 restantem
459 3449 592 3504 Heinsius
610 3446 765 3502 luctantem
783 3446 979 3502 Drakenborch
1073 3452 1125 3502 303
1147 3449 1247 3508 fixere

215 3521 351 3576 Heinsius
421 3525 474 3575 394
494 3518 575 3574 Oelta
592 3518 742 3576 Burmann
